date,sales
1/1/2013,13
1/2/2013,11
1/3/2013,14
1/4/2013,13
1/5/2013,10
1/6/2013,12
1/7/2013,10
1/8/2013,9
1/9/2013,12
1/10/2013,9
1/11/2013,9
1/12/2013,7
1/13/2013,10
1/14/2013,12
1/15/2013,5
1/16/2013,7
1/17/2013,16
1/18/2013,7
1/19/2013,18
1/20/2013,15
1/21/2013,8
1/22/2013,7
1/23/2013,9
1/24/2013,8
1/25/2013,14
1/26/2013,12
1/27/2013,12
1/28/2013,11
1/29/2013,6
1/30/2013,9
1/31/2013,13
2/1/2013,11
2/2/2013,21
2/3/2013,15
2/4/2013,14
2/5/2013,9
2/6/2013,10
2/7/2013,13
2/8/2013,11
2/9/2013,14
2/10/2013,11
2/11/2013,16
2/12/2013,11
2/13/2013,14
2/14/2013,10
2/15/2013,11
2/16/2013,7
2/17/2013,11
2/18/2013,10
2/19/2013,10
2/20/2013,7
2/21/2013,13
2/22/2013,12
2/23/2013,15
2/24/2013,11
2/25/2013,7
2/26/2013,9
2/27/2013,9
2/28/2013,10
3/1/2013,15
3/2/2013,13
3/3/2013,20
3/4/2013,14
3/5/2013,13
3/6/2013,17
3/7/2013,11
3/8/2013,15
3/9/2013,16
3/10/2013,11
3/11/2013,18
3/12/2013,14
3/13/2013,13
3/14/2013,10
3/15/2013,14
3/16/2013,10
3/17/2013,22
3/18/2013,11
3/19/2013,19
3/20/2013,14
3/21/2013,17
3/22/2013,21
3/23/2013,21
3/24/2013,19
3/25/2013,13
3/26/2013,16
3/27/2013,11
3/28/2013,13
3/29/2013,17
3/30/2013,19
3/31/2013,20
4/1/2013,11
4/2/2013,19
4/3/2013,24
4/4/2013,18
4/5/2013,19
4/6/2013,23
4/7/2013,17
4/8/2013,19
4/9/2013,13
4/10/2013,19
4/11/2013,16
4/12/2013,18
4/13/2013,17
4/14/2013,26
4/15/2013,14
4/16/2013,9
4/17/2013,17
4/18/2013,21
4/19/2013,22
4/20/2013,22
4/21/2013,20
4/22/2013,13
4/23/2013,11
4/24/2013,13
4/25/2013,14
4/26/2013,20
4/27/2013,22
4/28/2013,19
4/29/2013,11
4/30/2013,15
5/1/2013,16
5/2/2013,23
5/3/2013,22
5/4/2013,20
5/5/2013,14
5/6/2013,14
5/7/2013,15
5/8/2013,14
5/9/2013,11
5/10/2013,16
5/11/2013,19
5/12/2013,13
5/13/2013,9
5/14/2013,13
5/15/2013,16
5/16/2013,15
5/17/2013,16
5/18/2013,20
5/19/2013,19
5/20/2013,14
5/21/2013,24
5/22/2013,23
5/23/2013,14
5/24/2013,24
5/25/2013,25
5/26/2013,27
5/27/2013,7
5/28/2013,12
5/29/2013,10
5/30/2013,19
5/31/2013,27
6/1/2013,26
6/2/2013,22
6/3/2013,12
6/4/2013,15
6/5/2013,24
6/6/2013,9
6/7/2013,21
6/8/2013,20
6/9/2013,38
6/10/2013,20
6/11/2013,18
6/12/2013,22
6/13/2013,21
6/14/2013,22
6/15/2013,26
6/16/2013,23
6/17/2013,13
6/18/2013,21
6/19/2013,18
6/20/2013,24
6/21/2013,19
6/22/2013,23
6/23/2013,24
6/24/2013,17
6/25/2013,21
6/26/2013,21
6/27/2013,26
6/28/2013,17
6/29/2013,20
6/30/2013,24
7/1/2013,23
7/2/2013,17
7/3/2013,12
7/4/2013,24
7/5/2013,17
7/6/2013,16
7/7/2013,34
7/8/2013,20
7/9/2013,23
7/10/2013,14
7/11/2013,25
7/12/2013,29
7/13/2013,22
7/14/2013,29
7/15/2013,18
7/16/2013,12
7/17/2013,16
7/18/2013,21
7/19/2013,25
7/20/2013,25
7/21/2013,26
7/22/2013,18
7/23/2013,17
7/24/2013,21
7/25/2013,21
7/26/2013,31
7/27/2013,19
7/28/2013,25
7/29/2013,8
7/30/2013,26
7/31/2013,27
8/1/2013,21
8/2/2013,19
8/3/2013,24
8/4/2013,26
8/5/2013,17
8/6/2013,10
8/7/2013,25
8/8/2013,20
8/9/2013,19
8/10/2013,22
8/11/2013,25
8/12/2013,10
8/13/2013,11
8/14/2013,19
8/15/2013,22
8/16/2013,15
8/17/2013,29
8/18/2013,27
8/19/2013,11
8/20/2013,15
8/21/2013,20
8/22/2013,20
8/23/2013,19
8/24/2013,19
8/25/2013,23
8/26/2013,11
8/27/2013,16
8/28/2013,20
8/29/2013,14
8/30/2013,20
8/31/2013,25
9/1/2013,25
9/2/2013,10
9/3/2013,16
9/4/2013,10
9/5/2013,16
9/6/2013,20
9/7/2013,20
9/8/2013,19
9/9/2013,15
9/10/2013,17
9/11/2013,26
9/12/2013,14
9/13/2013,16
9/14/2013,27
9/15/2013,14
9/16/2013,16
9/17/2013,20
9/18/2013,18
9/19/2013,16
9/20/2013,11
9/21/2013,13
9/22/2013,16
9/23/2013,18
9/24/2013,14
9/25/2013,17
9/26/2013,20
9/27/2013,22
9/28/2013,13
9/29/2013,20
9/30/2013,20
10/1/2013,12
10/2/2013,11
10/3/2013,14
10/4/2013,14
10/5/2013,14
10/6/2013,20
10/7/2013,13
10/8/2013,13
10/9/2013,14
10/10/2013,20
10/11/2013,17
10/12/2013,17
10/13/2013,20
10/14/2013,15
10/15/2013,15
10/16/2013,15
10/17/2013,10
10/18/2013,10
10/19/2013,18
10/20/2013,25
10/21/2013,13
10/22/2013,11
10/23/2013,16
10/24/2013,17
10/25/2013,18
10/26/2013,19
10/27/2013,14
10/28/2013,11
10/29/2013,17
10/30/2013,20
10/31/2013,21
11/1/2013,20
11/2/2013,24
11/3/2013,19
11/4/2013,12
11/5/2013,20
11/6/2013,16
11/7/2013,17
11/8/2013,22
11/9/2013,18
11/10/2013,23
11/11/2013,16
11/12/2013,20
11/13/2013,20
11/14/2013,9
11/15/2013,18
11/16/2013,13
11/17/2013,17
11/18/2013,17
11/19/2013,18
11/20/2013,17
11/21/2013,16
11/22/2013,17
11/23/2013,31
11/24/2013,20
11/25/2013,16
11/26/2013,25
11/27/2013,25
11/28/2013,17
11/29/2013,19
11/30/2013,30
12/1/2013,16
12/2/2013,8
12/3/2013,21
12/4/2013,6
12/5/2013,13
12/6/2013,15
12/7/2013,17
12/8/2013,17
12/9/2013,8
12/10/2013,14
12/11/2013,7
12/12/2013,5
12/13/2013,13
12/14/2013,16
12/15/2013,15
12/16/2013,15
12/17/2013,8
12/18/2013,18
12/19/2013,7
12/20/2013,13
12/21/2013,11
12/22/2013,9
12/23/2013,8
12/24/2013,17
12/25/2013,6
12/26/2013,16
12/27/2013,18
12/28/2013,17
12/29/2013,14
12/30/2013,5
12/31/2013,15
1/1/2014,9
1/2/2014,14
1/3/2014,11
1/4/2014,20
1/5/2014,17
1/6/2014,14
1/7/2014,11
1/8/2014,12
1/9/2014,17
1/10/2014,12
1/11/2014,17
1/12/2014,12
1/13/2014,12
1/14/2014,17
1/15/2014,17
1/16/2014,15
1/17/2014,18
1/18/2014,15
1/19/2014,12
1/20/2014,6
1/21/2014,7
1/22/2014,21
1/23/2014,18
1/24/2014,18
1/25/2014,21
1/26/2014,16
1/27/2014,8
1/28/2014,6
1/29/2014,13
1/30/2014,11
1/31/2014,18
2/1/2014,13
2/2/2014,16
2/3/2014,10
2/4/2014,9
2/5/2014,21
2/6/2014,17
2/7/2014,15
2/8/2014,15
2/9/2014,18
2/10/2014,10
2/11/2014,10
2/12/2014,9
2/13/2014,22
2/14/2014,20
2/15/2014,20
2/16/2014,13
2/17/2014,11
2/18/2014,11
2/19/2014,16
2/20/2014,19
2/21/2014,16
2/22/2014,17
2/23/2014,13
2/24/2014,7
2/25/2014,14
2/26/2014,17
2/27/2014,10
2/28/2014,16
3/1/2014,20
3/2/2014,15
3/3/2014,12
3/4/2014,11
3/5/2014,18
3/6/2014,19
3/7/2014,21
3/8/2014,14
3/9/2014,21
3/10/2014,13
3/11/2014,14
3/12/2014,24
3/13/2014,17
3/14/2014,16
3/15/2014,22
3/16/2014,31
3/17/2014,19
3/18/2014,17
3/19/2014,24
3/20/2014,21
3/21/2014,18
3/22/2014,20
3/23/2014,25
3/24/2014,4
3/25/2014,15
3/26/2014,17
3/27/2014,17
3/28/2014,16
3/29/2014,18
3/30/2014,15
3/31/2014,15
4/1/2014,19
4/2/2014,11
4/3/2014,16
4/4/2014,17
4/5/2014,21
4/6/2014,26
4/7/2014,19
4/8/2014,19
4/9/2014,20
4/10/2014,18
4/11/2014,23
4/12/2014,19
4/13/2014,22
4/14/2014,20
4/15/2014,22
4/16/2014,20
4/17/2014,18
4/18/2014,20
4/19/2014,22
4/20/2014,22
4/21/2014,17
4/22/2014,12
4/23/2014,16
4/24/2014,25
4/25/2014,22
4/26/2014,21
4/27/2014,20
4/28/2014,15
4/29/2014,18
4/30/2014,13
5/1/2014,22
5/2/2014,19
5/3/2014,22
5/4/2014,23
5/5/2014,21
5/6/2014,19
5/7/2014,21
5/8/2014,15
5/9/2014,18
5/10/2014,16
5/11/2014,27
5/12/2014,16
5/13/2014,22
5/14/2014,21
5/15/2014,22
5/16/2014,23
5/17/2014,18
5/18/2014,36
5/19/2014,12
5/20/2014,23
5/21/2014,16
5/22/2014,25
5/23/2014,28
5/24/2014,25
5/25/2014,20
5/26/2014,15
5/27/2014,13
5/28/2014,13
5/29/2014,20
5/30/2014,29
5/31/2014,31
6/1/2014,24
6/2/2014,16
6/3/2014,23
6/4/2014,20
6/5/2014,24
6/6/2014,23
6/7/2014,27
6/8/2014,29
6/9/2014,18
6/10/2014,14
6/11/2014,22
6/12/2014,22
6/13/2014,25
6/14/2014,29
6/15/2014,33
6/16/2014,25
6/17/2014,32
6/18/2014,20
6/19/2014,22
6/20/2014,19
6/21/2014,26
6/22/2014,37
6/23/2014,19
6/24/2014,24
6/25/2014,21
6/26/2014,18
6/27/2014,29
6/28/2014,34
6/29/2014,19
6/30/2014,16
7/1/2014,16
7/2/2014,24
7/3/2014,25
7/4/2014,28
7/5/2014,25
7/6/2014,34
7/7/2014,16
7/8/2014,25
7/9/2014,27
7/10/2014,23
7/11/2014,25
7/12/2014,22
7/13/2014,24
7/14/2014,21
7/15/2014,24
7/16/2014,17
7/17/2014,26
7/18/2014,25
7/19/2014,31
7/20/2014,26
7/21/2014,21
7/22/2014,30
7/23/2014,19
7/24/2014,26
7/25/2014,24
7/26/2014,29
7/27/2014,35
7/28/2014,11
7/29/2014,19
7/30/2014,25
7/31/2014,23
8/1/2014,12
8/2/2014,23
8/3/2014,27
8/4/2014,20
8/5/2014,19
8/6/2014,25
8/7/2014,21
8/8/2014,27
8/9/2014,27
8/10/2014,22
8/11/2014,22
8/12/2014,20
8/13/2014,11
8/14/2014,17
8/15/2014,21
8/16/2014,20
8/17/2014,31
8/18/2014,25
8/19/2014,15
8/20/2014,21
8/21/2014,20
8/22/2014,21
8/23/2014,26
8/24/2014,26
8/25/2014,12
8/26/2014,25
8/27/2014,21
8/28/2014,19
8/29/2014,17
8/30/2014,30
8/31/2014,28
9/1/2014,16
9/2/2014,15
9/3/2014,22
9/4/2014,26
9/5/2014,27
9/6/2014,21
9/7/2014,25
9/8/2014,12
9/9/2014,22
9/10/2014,16
9/11/2014,15
9/12/2014,25
9/13/2014,17
9/14/2014,26
9/15/2014,12
9/16/2014,15
9/17/2014,17
9/18/2014,18
9/19/2014,21
9/20/2014,21
9/21/2014,20
9/22/2014,15
9/23/2014,20
9/24/2014,14
9/25/2014,17
9/26/2014,23
9/27/2014,13
9/28/2014,22
9/29/2014,18
9/30/2014,15
10/1/2014,12
10/2/2014,15
10/3/2014,24
10/4/2014,27
10/5/2014,33
10/6/2014,9
10/7/2014,10
10/8/2014,25
10/9/2014,18
10/10/2014,19
10/11/2014,28
10/12/2014,29
10/13/2014,6
10/14/2014,20
10/15/2014,21
10/16/2014,17
10/17/2014,18
10/18/2014,22
10/19/2014,13
10/20/2014,8
10/21/2014,19
10/22/2014,14
10/23/2014,18
10/24/2014,17
10/25/2014,21
10/26/2014,22
10/27/2014,15
10/28/2014,12
10/29/2014,11
10/30/2014,12
10/31/2014,20
11/1/2014,17
11/2/2014,33
11/3/2014,16
11/4/2014,16
11/5/2014,15
11/6/2014,22
11/7/2014,22
11/8/2014,12
11/9/2014,28
11/10/2014,16
11/11/2014,12
11/12/2014,18
11/13/2014,18
11/14/2014,25
11/15/2014,24
11/16/2014,18
11/17/2014,17
11/18/2014,18
11/19/2014,19
11/20/2014,17
11/21/2014,28
11/22/2014,20
11/23/2014,29
11/24/2014,18
11/25/2014,19
11/26/2014,23
11/27/2014,23
11/28/2014,24
11/29/2014,28
11/30/2014,24
12/1/2014,10
12/2/2014,17
12/3/2014,9
12/4/2014,10
12/5/2014,14
12/6/2014,16
12/7/2014,11
12/8/2014,13
12/9/2014,13
12/10/2014,14
12/11/2014,12
12/12/2014,10
12/13/2014,16
12/14/2014,13
12/15/2014,14
12/16/2014,11
12/17/2014,15
12/18/2014,10
12/19/2014,11
12/20/2014,19
12/21/2014,18
12/22/2014,8
12/23/2014,13
12/24/2014,16
12/25/2014,20
12/26/2014,12
12/27/2014,15
12/28/2014,17
12/29/2014,9
12/30/2014,11
12/31/2014,12
1/1/2015,11
1/2/2015,19
1/3/2015,16
1/4/2015,14
1/5/2015,14
1/6/2015,9
1/7/2015,13
1/8/2015,18
1/9/2015,18
1/10/2015,17
1/11/2015,19
1/12/2015,9
1/13/2015,9
1/14/2015,15
1/15/2015,10
1/16/2015,15
1/17/2015,16
1/18/2015,15
1/19/2015,12
1/20/2015,12
1/21/2015,10
1/22/2015,8
1/23/2015,14
1/24/2015,20
1/25/2015,19
1/26/2015,12
1/27/2015,13
1/28/2015,13
1/29/2015,7
1/30/2015,12
1/31/2015,19
2/1/2015,17
2/2/2015,6
2/3/2015,10
2/4/2015,8
2/5/2015,18
2/6/2015,13
2/7/2015,13
2/8/2015,18
2/9/2015,12
2/10/2015,15
2/11/2015,19
2/12/2015,15
2/13/2015,13
2/14/2015,11
2/15/2015,18
2/16/2015,14
2/17/2015,16
2/18/2015,16
2/19/2015,11
2/20/2015,10
2/21/2015,19
2/22/2015,24
2/23/2015,9
2/24/2015,8
2/25/2015,13
2/26/2015,18
2/27/2015,17
2/28/2015,18
3/1/2015,18
3/2/2015,17
3/3/2015,14
3/4/2015,19
3/5/2015,10
3/6/2015,17
3/7/2015,16
3/8/2015,13
3/9/2015,13
3/10/2015,23
3/11/2015,21
3/12/2015,24
3/13/2015,25
3/14/2015,15
3/15/2015,20
3/16/2015,13
3/17/2015,15
3/18/2015,16
3/19/2015,17
3/20/2015,31
3/21/2015,25
3/22/2015,23
3/23/2015,16
3/24/2015,18
3/25/2015,13
3/26/2015,10
3/27/2015,16
3/28/2015,12
3/29/2015,25
3/30/2015,19
3/31/2015,18
4/1/2015,24
4/2/2015,20
4/3/2015,27
4/4/2015,26
4/5/2015,20
4/6/2015,20
4/7/2015,19
4/8/2015,17
4/9/2015,20
4/10/2015,24
4/11/2015,17
4/12/2015,21
4/13/2015,14
4/14/2015,26
4/15/2015,26
4/16/2015,20
4/17/2015,22
4/18/2015,23
4/19/2015,24
4/20/2015,17
4/21/2015,25
4/22/2015,19
4/23/2015,17
4/24/2015,11
4/25/2015,29
4/26/2015,30
4/27/2015,22
4/28/2015,27
4/29/2015,18
4/30/2015,27
5/1/2015,20
5/2/2015,22
5/3/2015,33
5/4/2015,14
5/5/2015,25
5/6/2015,13
5/7/2015,23
5/8/2015,22
5/9/2015,29
5/10/2015,29
5/11/2015,24
5/12/2015,21
5/13/2015,14
5/14/2015,17
5/15/2015,27
5/16/2015,31
5/17/2015,27
5/18/2015,11
5/19/2015,28
5/20/2015,17
5/21/2015,27
5/22/2015,22
5/23/2015,24
5/24/2015,27
5/25/2015,19
5/26/2015,19
5/27/2015,22
5/28/2015,23
5/29/2015,18
5/30/2015,36
5/31/2015,27
6/1/2015,23
6/2/2015,15
6/3/2015,23
6/4/2015,25
6/5/2015,18
6/6/2015,43
6/7/2015,22
6/8/2015,18
6/9/2015,19
6/10/2015,22
6/11/2015,29
6/12/2015,23
6/13/2015,28
6/14/2015,30
6/15/2015,19
6/16/2015,17
6/17/2015,28
6/18/2015,29
6/19/2015,20
6/20/2015,30
6/21/2015,34
6/22/2015,14
6/23/2015,27
6/24/2015,26
6/25/2015,21
6/26/2015,30
6/27/2015,31
6/28/2015,35
6/29/2015,26
6/30/2015,23
7/1/2015,21
7/2/2015,26
7/3/2015,30
7/4/2015,40
7/5/2015,30
7/6/2015,20
7/7/2015,24
7/8/2015,21
7/9/2015,33
7/10/2015,26
7/11/2015,30
7/12/2015,19
7/13/2015,22
7/14/2015,19
7/15/2015,20
7/16/2015,41
7/17/2015,31
7/18/2015,38
7/19/2015,38
7/20/2015,22
7/21/2015,29
7/22/2015,27
7/23/2015,17
7/24/2015,29
7/25/2015,34
7/26/2015,38
7/27/2015,13
7/28/2015,27
7/29/2015,26
7/30/2015,22
7/31/2015,29
8/1/2015,28
8/2/2015,19
8/3/2015,20
8/4/2015,26
8/5/2015,20
8/6/2015,25
8/7/2015,22
8/8/2015,19
8/9/2015,33
8/10/2015,14
8/11/2015,16
8/12/2015,24
8/13/2015,25
8/14/2015,23
8/15/2015,26
8/16/2015,27
8/17/2015,14
8/18/2015,18
8/19/2015,24
8/20/2015,17
8/21/2015,29
8/22/2015,22
8/23/2015,19
8/24/2015,19
8/25/2015,22
8/26/2015,26
8/27/2015,23
8/28/2015,25
8/29/2015,36
8/30/2015,25
8/31/2015,20
9/1/2015,27
9/2/2015,22
9/3/2015,16
9/4/2015,16
9/5/2015,34
9/6/2015,25
9/7/2015,17
9/8/2015,25
9/9/2015,13
9/10/2015,25
9/11/2015,28
9/12/2015,24
9/13/2015,28
9/14/2015,22
9/15/2015,21
9/16/2015,23
9/17/2015,19
9/18/2015,16
9/19/2015,40
9/20/2015,28
9/21/2015,18
9/22/2015,20
9/23/2015,22
9/24/2015,28
9/25/2015,20
9/26/2015,20
9/27/2015,32
9/28/2015,15
9/29/2015,19
9/30/2015,15
10/1/2015,25
10/2/2015,12
10/3/2015,20
10/4/2015,22
10/5/2015,13
10/6/2015,14
10/7/2015,19
10/8/2015,21
10/9/2015,27
10/10/2015,22
10/11/2015,25
10/12/2015,12
10/13/2015,24
10/14/2015,26
10/15/2015,19
10/16/2015,23
10/17/2015,22
10/18/2015,25
10/19/2015,19
10/20/2015,21
10/21/2015,24
10/22/2015,17
10/23/2015,28
10/24/2015,24
10/25/2015,33
10/26/2015,18
10/27/2015,18
10/28/2015,8
10/29/2015,17
10/30/2015,19
10/31/2015,30
11/1/2015,26
11/2/2015,16
11/3/2015,25
11/4/2015,26
11/5/2015,21
11/6/2015,24
11/7/2015,25
11/8/2015,25
11/9/2015,16
11/10/2015,15
11/11/2015,24
11/12/2015,19
11/13/2015,21
11/14/2015,37
11/15/2015,31
11/16/2015,14
11/17/2015,19
11/18/2015,30
11/19/2015,26
11/20/2015,27
11/21/2015,22
11/22/2015,30
11/23/2015,21
11/24/2015,20
11/25/2015,16
11/26/2015,19
11/27/2015,33
11/28/2015,24
11/29/2015,27
11/30/2015,5
12/1/2015,13
12/2/2015,12
12/3/2015,14
12/4/2015,29
12/5/2015,12
12/6/2015,14
12/7/2015,14
12/8/2015,13
12/9/2015,18
12/10/2015,14
12/11/2015,21
12/12/2015,23
12/13/2015,14
12/14/2015,10
12/15/2015,12
12/16/2015,19
12/17/2015,9
12/18/2015,19
12/19/2015,21
12/20/2015,17
12/21/2015,10
12/22/2015,13
12/23/2015,14
12/24/2015,7
12/25/2015,19
12/26/2015,13
12/27/2015,17
12/28/2015,4
12/29/2015,12
12/30/2015,15
12/31/2015,18
1/1/2016,21
1/2/2016,13
1/3/2016,12
1/4/2016,12
1/5/2016,12
1/6/2016,16
1/7/2016,12
1/8/2016,12
1/9/2016,16
1/10/2016,26
1/11/2016,7
1/12/2016,13
1/13/2016,9
1/14/2016,18
1/15/2016,13
1/16/2016,8
1/17/2016,13
1/18/2016,7
1/19/2016,17
1/20/2016,13
1/21/2016,12
1/22/2016,15
1/23/2016,23
1/24/2016,21
1/25/2016,15
1/26/2016,18
1/27/2016,14
1/28/2016,17
1/29/2016,16
1/30/2016,14
1/31/2016,14
2/1/2016,16
2/2/2016,16
2/3/2016,19
2/4/2016,9
2/5/2016,14
2/6/2016,14
2/7/2016,18
2/8/2016,12
2/9/2016,14
2/10/2016,16
2/11/2016,14
2/12/2016,15
2/13/2016,10
2/14/2016,23
2/15/2016,8
2/16/2016,19
2/17/2016,29
2/18/2016,17
2/19/2016,18
2/20/2016,18
2/21/2016,21
2/22/2016,16
2/23/2016,16
2/24/2016,10
2/25/2016,12
2/26/2016,9
2/27/2016,21
2/28/2016,12
2/29/2016,14
3/1/2016,16
3/2/2016,17
3/3/2016,20
3/4/2016,17
3/5/2016,17
3/6/2016,22
3/7/2016,17
3/8/2016,9
3/9/2016,18
3/10/2016,15
3/11/2016,22
3/12/2016,17
3/13/2016,23
3/14/2016,13
3/15/2016,11
3/16/2016,23
3/17/2016,19
3/18/2016,21
3/19/2016,25
3/20/2016,25
3/21/2016,22
3/22/2016,17
3/23/2016,19
3/24/2016,18
3/25/2016,27
3/26/2016,22
3/27/2016,28
3/28/2016,16
3/29/2016,22
3/30/2016,14
3/31/2016,17
4/1/2016,32
4/2/2016,24
4/3/2016,29
4/4/2016,18
4/5/2016,20
4/6/2016,25
4/7/2016,18
4/8/2016,23
4/9/2016,22
4/10/2016,36
4/11/2016,18
4/12/2016,30
4/13/2016,24
4/14/2016,22
4/15/2016,23
4/16/2016,22
4/17/2016,18
4/18/2016,23
4/19/2016,23
4/20/2016,18
4/21/2016,20
4/22/2016,22
4/23/2016,23
4/24/2016,26
4/25/2016,15
4/26/2016,20
4/27/2016,19
4/28/2016,21
4/29/2016,30
4/30/2016,30
5/1/2016,30
5/2/2016,18
5/3/2016,29
5/4/2016,24
5/5/2016,17
5/6/2016,23
5/7/2016,23
5/8/2016,26
5/9/2016,18
5/10/2016,29
5/11/2016,21
5/12/2016,19
5/13/2016,26
5/14/2016,30
5/15/2016,39
5/16/2016,13
5/17/2016,25
5/18/2016,33
5/19/2016,26
5/20/2016,28
5/21/2016,35
5/22/2016,32
5/23/2016,22
5/24/2016,26
5/25/2016,29
5/26/2016,17
5/27/2016,26
5/28/2016,33
5/29/2016,29
5/30/2016,18
5/31/2016,18
6/1/2016,24
6/2/2016,25
6/3/2016,38
6/4/2016,28
6/5/2016,35
6/6/2016,23
6/7/2016,22
6/8/2016,22
6/9/2016,24
6/10/2016,34
6/11/2016,31
6/12/2016,22
6/13/2016,22
6/14/2016,25
6/15/2016,22
6/16/2016,30
6/17/2016,22
6/18/2016,27
6/19/2016,28
6/20/2016,15
6/21/2016,25
6/22/2016,25
6/23/2016,23
6/24/2016,31
6/25/2016,31
6/26/2016,32
6/27/2016,26
6/28/2016,28
6/29/2016,25
6/30/2016,25
7/1/2016,42
7/2/2016,32
7/3/2016,35
7/4/2016,18
7/5/2016,31
7/6/2016,22
7/7/2016,33
7/8/2016,34
7/9/2016,35
7/10/2016,28
7/11/2016,18
7/12/2016,27
7/13/2016,30
7/14/2016,22
7/15/2016,33
7/16/2016,34
7/17/2016,37
7/18/2016,24
7/19/2016,25
7/20/2016,22
7/21/2016,34
7/22/2016,26
7/23/2016,34
7/24/2016,25
7/25/2016,21
7/26/2016,24
7/27/2016,28
7/28/2016,30
7/29/2016,30
7/30/2016,38
7/31/2016,31
8/1/2016,21
8/2/2016,22
8/3/2016,28
8/4/2016,34
8/5/2016,24
8/6/2016,20
8/7/2016,31
8/8/2016,11
8/9/2016,26
8/10/2016,21
8/11/2016,23
8/12/2016,16
8/13/2016,27
8/14/2016,36
8/15/2016,24
8/16/2016,15
8/17/2016,25
8/18/2016,26
8/19/2016,29
8/20/2016,30
8/21/2016,22
8/22/2016,15
8/23/2016,24
8/24/2016,32
8/25/2016,17
8/26/2016,25
8/27/2016,24
8/28/2016,34
8/29/2016,14
8/30/2016,14
8/31/2016,17
9/1/2016,18
9/2/2016,20
9/3/2016,31
9/4/2016,25
9/5/2016,32
9/6/2016,28
9/7/2016,18
9/8/2016,28
9/9/2016,26
9/10/2016,25
9/11/2016,24
9/12/2016,24
9/13/2016,24
9/14/2016,19
9/15/2016,20
9/16/2016,19
9/17/2016,19
9/18/2016,27
9/19/2016,19
9/20/2016,23
9/21/2016,25
9/22/2016,25
9/23/2016,24
9/24/2016,26
9/25/2016,27
9/26/2016,17
9/27/2016,18
9/28/2016,27
9/29/2016,28
9/30/2016,23
10/1/2016,25
10/2/2016,26
10/3/2016,20
10/4/2016,28
10/5/2016,17
10/6/2016,22
10/7/2016,19
10/8/2016,24
10/9/2016,29
10/10/2016,18
10/11/2016,18
10/12/2016,16
10/13/2016,16
10/14/2016,32
10/15/2016,32
10/16/2016,26
10/17/2016,20
10/18/2016,21
10/19/2016,20
10/20/2016,30
10/21/2016,25
10/22/2016,26
10/23/2016,21
10/24/2016,16
10/25/2016,13
10/26/2016,16
10/27/2016,25
10/28/2016,18
10/29/2016,23
10/30/2016,33
10/31/2016,24
11/1/2016,22
11/2/2016,23
11/3/2016,23
11/4/2016,22
11/5/2016,29
11/6/2016,18
11/7/2016,17
11/8/2016,19
11/9/2016,22
11/10/2016,18
11/11/2016,26
11/12/2016,26
11/13/2016,36
11/14/2016,17
11/15/2016,22
11/16/2016,20
11/17/2016,19
11/18/2016,21
11/19/2016,36
11/20/2016,22
11/21/2016,14
11/22/2016,18
11/23/2016,20
11/24/2016,18
11/25/2016,26
11/26/2016,20
11/27/2016,20
11/28/2016,22
11/29/2016,27
11/30/2016,19
12/1/2016,13
12/2/2016,11
12/3/2016,19
12/4/2016,24
12/5/2016,13
12/6/2016,10
12/7/2016,17
12/8/2016,15
12/9/2016,7
12/10/2016,12
12/11/2016,20
12/12/2016,12
12/13/2016,23
12/14/2016,12
12/15/2016,10
12/16/2016,15
12/17/2016,19
12/18/2016,22
12/19/2016,17
12/20/2016,18
12/21/2016,12
12/22/2016,20
12/23/2016,21
12/24/2016,13
12/25/2016,20
12/26/2016,16
12/27/2016,10
12/28/2016,16
12/29/2016,21
12/30/2016,24
12/31/2016,14
1/1/2017,19
1/2/2017,15
1/3/2017,10
1/4/2017,16
1/5/2017,14
1/6/2017,24
1/7/2017,14
1/8/2017,20
1/9/2017,18
1/10/2017,11
1/11/2017,14
1/12/2017,17
1/13/2017,7
1/14/2017,16
1/15/2017,29
1/16/2017,15
1/17/2017,14
1/18/2017,10
1/19/2017,16
1/20/2017,22
1/21/2017,13
1/22/2017,21
1/23/2017,9
1/24/2017,18
1/25/2017,14
1/26/2017,13
1/27/2017,10
1/28/2017,16
1/29/2017,24
1/30/2017,9
1/31/2017,17
2/1/2017,15
2/2/2017,17
2/3/2017,24
2/4/2017,25
2/5/2017,25
2/6/2017,16
2/7/2017,12
2/8/2017,20
2/9/2017,16
2/10/2017,16
2/11/2017,18
2/12/2017,19
2/13/2017,11
2/14/2017,15
2/15/2017,22
2/16/2017,11
2/17/2017,17
2/18/2017,22
2/19/2017,18
2/20/2017,5
2/21/2017,14
2/22/2017,12
2/23/2017,26
2/24/2017,15
2/25/2017,16
2/26/2017,28
2/27/2017,12
2/28/2017,20
3/1/2017,16
3/2/2017,23
3/3/2017,22
3/4/2017,13
3/5/2017,25
3/6/2017,11
3/7/2017,14
3/8/2017,17
3/9/2017,16
3/10/2017,18
3/11/2017,15
3/12/2017,21
3/13/2017,14
3/14/2017,24
3/15/2017,22
3/16/2017,23
3/17/2017,17
3/18/2017,20
3/19/2017,25
3/20/2017,14
3/21/2017,13
3/22/2017,23
3/23/2017,18
3/24/2017,19
3/25/2017,20
3/26/2017,17
3/27/2017,21
3/28/2017,13
3/29/2017,12
3/30/2017,22
3/31/2017,13
4/1/2017,26
4/2/2017,21
4/3/2017,17
4/4/2017,22
4/5/2017,21
4/6/2017,25
4/7/2017,25
4/8/2017,23
4/9/2017,20
4/10/2017,19
4/11/2017,21
4/12/2017,17
4/13/2017,25
4/14/2017,15
4/15/2017,20
4/16/2017,32
4/17/2017,13
4/18/2017,21
4/19/2017,19
4/20/2017,26
4/21/2017,27
4/22/2017,19
4/23/2017,22
4/24/2017,17
4/25/2017,26
4/26/2017,22
4/27/2017,26
4/28/2017,25
4/29/2017,32
4/30/2017,33
5/1/2017,15
5/2/2017,21
5/3/2017,29
5/4/2017,19
5/5/2017,28
5/6/2017,34
5/7/2017,31
5/8/2017,24
5/9/2017,32
5/10/2017,17
5/11/2017,18
5/12/2017,26
5/13/2017,25
5/14/2017,32
5/15/2017,17
5/16/2017,24
5/17/2017,16
5/18/2017,32
5/19/2017,35
5/20/2017,34
5/21/2017,25
5/22/2017,20
5/23/2017,15
5/24/2017,30
5/25/2017,22
5/26/2017,24
5/27/2017,35
5/28/2017,33
5/29/2017,23
5/30/2017,17
5/31/2017,20
6/1/2017,29
6/2/2017,25
6/3/2017,36
6/4/2017,27
6/5/2017,22
6/6/2017,22
6/7/2017,29
6/8/2017,26
6/9/2017,16
6/10/2017,41
6/11/2017,28
6/12/2017,23
6/13/2017,26
6/14/2017,32
6/15/2017,30
6/16/2017,26
6/17/2017,31
6/18/2017,38
6/19/2017,30
6/20/2017,22
6/21/2017,26
6/22/2017,24
6/23/2017,26
6/24/2017,30
6/25/2017,26
6/26/2017,21
6/27/2017,32
6/28/2017,50
6/29/2017,28
6/30/2017,28
7/1/2017,31
7/2/2017,38
7/3/2017,18
7/4/2017,23
7/5/2017,23
7/6/2017,31
7/7/2017,32
7/8/2017,27
7/9/2017,32
7/10/2017,16
7/11/2017,23
7/12/2017,29
7/13/2017,22
7/14/2017,38
7/15/2017,40
7/16/2017,36
7/17/2017,20
7/18/2017,26
7/19/2017,24
7/20/2017,37
7/21/2017,27
7/22/2017,35
7/23/2017,32
7/24/2017,27
7/25/2017,20
7/26/2017,28
7/27/2017,35
7/28/2017,25
7/29/2017,30
7/30/2017,26
7/31/2017,22
8/1/2017,18
8/2/2017,19
8/3/2017,25
8/4/2017,26
8/5/2017,35
8/6/2017,29
8/7/2017,20
8/8/2017,28
8/9/2017,28
8/10/2017,31
8/11/2017,25
8/12/2017,32
8/13/2017,32
8/14/2017,26
8/15/2017,18
8/16/2017,24
8/17/2017,21
8/18/2017,35
8/19/2017,29
8/20/2017,27
8/21/2017,19
8/22/2017,28
8/23/2017,26
8/24/2017,15
8/25/2017,30
8/26/2017,38
8/27/2017,26
8/28/2017,15
8/29/2017,21
8/30/2017,22
8/31/2017,26
9/1/2017,38
9/2/2017,26
9/3/2017,23
9/4/2017,12
9/5/2017,26
9/6/2017,24
9/7/2017,29
9/8/2017,28
9/9/2017,28
9/10/2017,30
9/11/2017,16
9/12/2017,20
9/13/2017,13
9/14/2017,26
9/15/2017,28
9/16/2017,27
9/17/2017,30
9/18/2017,22
9/19/2017,21
9/20/2017,20
9/21/2017,20
9/22/2017,28
9/23/2017,37
9/24/2017,24
9/25/2017,14
9/26/2017,18
9/27/2017,27
9/28/2017,23
9/29/2017,28
9/30/2017,30
10/1/2017,21
10/2/2017,12
10/3/2017,18
10/4/2017,15
10/5/2017,20
10/6/2017,19
10/7/2017,22
10/8/2017,19
10/9/2017,9
10/10/2017,23
10/11/2017,14
10/12/2017,24
10/13/2017,23
10/14/2017,26
10/15/2017,28
10/16/2017,19
10/17/2017,17
10/18/2017,15
10/19/2017,26
10/20/2017,22
10/21/2017,26
10/22/2017,32
10/23/2017,20
10/24/2017,23
10/25/2017,22
10/26/2017,28
10/27/2017,20
10/28/2017,22
10/29/2017,29
10/30/2017,22
10/31/2017,24
11/1/2017,16
11/2/2017,21
11/3/2017,18
11/4/2017,34
11/5/2017,23
11/6/2017,17
11/7/2017,23
11/8/2017,14
11/9/2017,21
11/10/2017,19
11/11/2017,24
11/12/2017,27
11/13/2017,22
11/14/2017,16
11/15/2017,19
11/16/2017,22
11/17/2017,25
11/18/2017,31
11/19/2017,32
11/20/2017,21
11/21/2017,29
11/22/2017,27
11/23/2017,25
11/24/2017,22
11/25/2017,29
11/26/2017,24
11/27/2017,10
11/28/2017,14
11/29/2017,28
11/30/2017,15
12/1/2017,19
12/2/2017,16
12/3/2017,31
12/4/2017,7
12/5/2017,20
12/6/2017,17
12/7/2017,18
12/8/2017,17
12/9/2017,27
12/10/2017,20
12/11/2017,20
12/12/2017,13
12/13/2017,17
12/14/2017,14
12/15/2017,16
12/16/2017,15
12/17/2017,22
12/18/2017,19
12/19/2017,7
12/20/2017,16
12/21/2017,12
12/22/2017,6
12/23/2017,18
12/24/2017,19
12/25/2017,13
12/26/2017,16
12/27/2017,14
12/28/2017,19
12/29/2017,15
12/30/2017,27
12/31/2017,23
1/1/2013,12
1/2/2013,16
1/3/2013,16
1/4/2013,20
1/5/2013,16
1/6/2013,18
1/7/2013,12
1/8/2013,11
1/9/2013,16
1/10/2013,10
1/11/2013,15
1/12/2013,22
1/13/2013,30
1/14/2013,14
1/15/2013,17
1/16/2013,14
1/17/2013,14
1/18/2013,12
1/19/2013,18
1/20/2013,24
1/21/2013,13
1/22/2013,11
1/23/2013,19
1/24/2013,14
1/25/2013,17
1/26/2013,14
1/27/2013,12
1/28/2013,15
1/29/2013,18
1/30/2013,10
1/31/2013,16
2/1/2013,16
2/2/2013,23
2/3/2013,14
2/4/2013,18
2/5/2013,16
2/6/2013,12
2/7/2013,19
2/8/2013,13
2/9/2013,15
2/10/2013,21
2/11/2013,11
2/12/2013,14
2/13/2013,19
2/14/2013,14
2/15/2013,17
2/16/2013,25
2/17/2013,26
2/18/2013,13
2/19/2013,22
2/20/2013,21
2/21/2013,9
2/22/2013,21
2/23/2013,15
2/24/2013,20
2/25/2013,17
2/26/2013,16
2/27/2013,11
2/28/2013,22
3/1/2013,27
3/2/2013,23
3/3/2013,29
3/4/2013,25
3/5/2013,13
3/6/2013,21
3/7/2013,19
3/8/2013,20
3/9/2013,31
3/10/2013,32
3/11/2013,17
3/12/2013,20
3/13/2013,22
3/14/2013,17
3/15/2013,17
3/16/2013,23
3/17/2013,20
3/18/2013,12
3/19/2013,17
3/20/2013,20
3/21/2013,25
3/22/2013,28
3/23/2013,30
3/24/2013,30
3/25/2013,17
3/26/2013,23
3/27/2013,17
3/28/2013,21
3/29/2013,21
3/30/2013,26
3/31/2013,23
4/1/2013,16
4/2/2013,29
4/3/2013,34
4/4/2013,30
4/5/2013,23
4/6/2013,28
4/7/2013,32
4/8/2013,15
4/9/2013,23
4/10/2013,16
4/11/2013,26
4/12/2013,22
4/13/2013,26
4/14/2013,39
4/15/2013,17
4/16/2013,19
4/17/2013,25
4/18/2013,28
4/19/2013,29
4/20/2013,29
4/21/2013,22
4/22/2013,17
4/23/2013,19
4/24/2013,21
4/25/2013,31
4/26/2013,29
4/27/2013,25
4/28/2013,20
4/29/2013,21
4/30/2013,32
5/1/2013,29
5/2/2013,30
5/3/2013,28
5/4/2013,29
5/5/2013,32
5/6/2013,20
5/7/2013,21
5/8/2013,29
5/9/2013,25
5/10/2013,35
5/11/2013,23
5/12/2013,38
5/13/2013,20
5/14/2013,30
5/15/2013,26
5/16/2013,26
5/17/2013,45
5/18/2013,28
5/19/2013,29
5/20/2013,20
5/21/2013,22
5/22/2013,25
5/23/2013,31
5/24/2013,16
5/25/2013,24
5/26/2013,42
5/27/2013,18
5/28/2013,17
5/29/2013,26
5/30/2013,26
5/31/2013,33
6/1/2013,44
6/2/2013,44
6/3/2013,23
6/4/2013,22
6/5/2013,32
6/6/2013,29
6/7/2013,28
6/8/2013,36
6/9/2013,22
6/10/2013,16
6/11/2013,26
6/12/2013,25
6/13/2013,26
6/14/2013,33
6/15/2013,37
6/16/2013,34
6/17/2013,26
6/18/2013,22
6/19/2013,18
6/20/2013,21
6/21/2013,36
6/22/2013,28
6/23/2013,30
6/24/2013,25
6/25/2013,32
6/26/2013,26
6/27/2013,25
6/28/2013,24
6/29/2013,27
6/30/2013,28
7/1/2013,24
7/2/2013,19
7/3/2013,30
7/4/2013,25
7/5/2013,42
7/6/2013,32
7/7/2013,31
7/8/2013,27
7/9/2013,29
7/10/2013,28
7/11/2013,36
7/12/2013,40
7/13/2013,27
7/14/2013,27
7/15/2013,17
7/16/2013,21
7/17/2013,31
7/18/2013,34
7/19/2013,37
7/20/2013,36
7/21/2013,34
7/22/2013,30
7/23/2013,28
7/24/2013,24
7/25/2013,33
7/26/2013,30
7/27/2013,45
7/28/2013,27
7/29/2013,24
7/30/2013,24
7/31/2013,19
8/1/2013,23
8/2/2013,32
8/3/2013,30
8/4/2013,30
8/5/2013,18
8/6/2013,22
8/7/2013,24
8/8/2013,30
8/9/2013,30
8/10/2013,25
8/11/2013,27
8/12/2013,27
8/13/2013,14
8/14/2013,26
8/15/2013,26
8/16/2013,27
8/17/2013,30
8/18/2013,25
8/19/2013,24
8/20/2013,18
8/21/2013,14
8/22/2013,27
8/23/2013,27
8/24/2013,26
8/25/2013,28
8/26/2013,23
8/27/2013,29
8/28/2013,30
8/29/2013,32
8/30/2013,35
8/31/2013,26
9/1/2013,25
9/2/2013,21
9/3/2013,23
9/4/2013,22
9/5/2013,28
9/6/2013,23
9/7/2013,23
9/8/2013,38
9/9/2013,18
9/10/2013,23
9/11/2013,18
9/12/2013,24
9/13/2013,28
9/14/2013,23
9/15/2013,27
9/16/2013,26
9/17/2013,23
9/18/2013,27
9/19/2013,26
9/20/2013,18
9/21/2013,29
9/22/2013,36
9/23/2013,16
9/24/2013,32
9/25/2013,25
9/26/2013,28
9/27/2013,23
9/28/2013,25
9/29/2013,21
9/30/2013,14
10/1/2013,21
10/2/2013,25
10/3/2013,24
10/4/2013,34
10/5/2013,25
10/6/2013,25
10/7/2013,20
10/8/2013,24
10/9/2013,23
10/10/2013,23
10/11/2013,27
10/12/2013,29
10/13/2013,22
10/14/2013,27
10/15/2013,15
10/16/2013,14
10/17/2013,36
10/18/2013,21
10/19/2013,29
10/20/2013,35
10/21/2013,15
10/22/2013,18
10/23/2013,23
10/24/2013,23
10/25/2013,22
10/26/2013,23
10/27/2013,18
10/28/2013,23
10/29/2013,18
10/30/2013,20
10/31/2013,34
11/1/2013,31
11/2/2013,23
11/3/2013,17
11/4/2013,15
11/5/2013,24
11/6/2013,28
11/7/2013,19
11/8/2013,26
11/9/2013,35
11/10/2013,41
11/11/2013,21
11/12/2013,24
11/13/2013,18
11/14/2013,24
11/15/2013,32
11/16/2013,29
11/17/2013,30
11/18/2013,19
11/19/2013,26
11/20/2013,24
11/21/2013,20
11/22/2013,19
11/23/2013,23
11/24/2013,18
11/25/2013,13
11/26/2013,22
11/27/2013,17
11/28/2013,22
11/29/2013,29
11/30/2013,24
12/1/2013,20
12/2/2013,11
12/3/2013,17
12/4/2013,16
12/5/2013,27
12/6/2013,20
12/7/2013,26
12/8/2013,19
12/9/2013,12
12/10/2013,22
12/11/2013,23
12/12/2013,10
12/13/2013,21
12/14/2013,18
12/15/2013,24
12/16/2013,10
12/17/2013,10
12/18/2013,15
12/19/2013,12
12/20/2013,21
12/21/2013,24
12/22/2013,18
12/23/2013,7
12/24/2013,20
12/25/2013,11
12/26/2013,15
12/27/2013,20
12/28/2013,18
12/29/2013,24
12/30/2013,20
12/31/2013,18
1/1/2014,19
1/2/2014,17
1/3/2014,14
1/4/2014,16
1/5/2014,24
1/6/2014,23
1/7/2014,16
1/8/2014,13
1/9/2014,21
1/10/2014,25
1/11/2014,16
1/12/2014,21
1/13/2014,15
1/14/2014,20
1/15/2014,17
1/16/2014,21
1/17/2014,19
1/18/2014,15
1/19/2014,25
1/20/2014,8
1/21/2014,14
1/22/2014,16
1/23/2014,26
1/24/2014,26
1/25/2014,20
1/26/2014,19
1/27/2014,14
1/28/2014,11
1/29/2014,15
1/30/2014,21
1/31/2014,17
2/1/2014,36
2/2/2014,17
2/3/2014,12
2/4/2014,24
2/5/2014,8
2/6/2014,28
2/7/2014,19
2/8/2014,25
2/9/2014,10
2/10/2014,18
2/11/2014,13
2/12/2014,13
2/13/2014,8
2/14/2014,24
2/15/2014,21
2/16/2014,29
2/17/2014,12
2/18/2014,16
2/19/2014,19
2/20/2014,23
2/21/2014,29
2/22/2014,28
2/23/2014,18
2/24/2014,12
2/25/2014,23
2/26/2014,24
2/27/2014,22
2/28/2014,23
3/1/2014,29
3/2/2014,24
3/3/2014,25
3/4/2014,25
3/5/2014,19
3/6/2014,16
3/7/2014,18
3/8/2014,36
3/9/2014,21
3/10/2014,17
3/11/2014,27
3/12/2014,21
3/13/2014,21
3/14/2014,19
3/15/2014,34
3/16/2014,20
3/17/2014,19
3/18/2014,21
3/19/2014,24
3/20/2014,22
3/21/2014,23
3/22/2014,28
3/23/2014,39
3/24/2014,21
3/25/2014,27
3/26/2014,27
3/27/2014,23
3/28/2014,22
3/29/2014,24
3/30/2014,26
3/31/2014,15
4/1/2014,23
4/2/2014,17
4/3/2014,24
4/4/2014,26
4/5/2014,33
4/6/2014,40
4/7/2014,18
4/8/2014,25
4/9/2014,23
4/10/2014,28
4/11/2014,23
4/12/2014,33
4/13/2014,31
4/14/2014,22
4/15/2014,27
4/16/2014,19
4/17/2014,30
4/18/2014,22
4/19/2014,35
4/20/2014,42
4/21/2014,20
4/22/2014,28
4/23/2014,19
4/24/2014,29
4/25/2014,22
4/26/2014,23
4/27/2014,28
4/28/2014,17
4/29/2014,26
4/30/2014,21
5/1/2014,30
5/2/2014,40
5/3/2014,33
5/4/2014,37
5/5/2014,21
5/6/2014,25
5/7/2014,29
5/8/2014,34
5/9/2014,32
5/10/2014,32
5/11/2014,27
5/12/2014,16
5/13/2014,22
5/14/2014,30
5/15/2014,38
5/16/2014,28
5/17/2014,45
5/18/2014,33
5/19/2014,27
5/20/2014,38
5/21/2014,24
5/22/2014,31
5/23/2014,37
5/24/2014,33
5/25/2014,34
5/26/2014,15
5/27/2014,28
5/28/2014,22
5/29/2014,29
5/30/2014,35
5/31/2014,29
6/1/2014,39
6/2/2014,20
6/3/2014,31
6/4/2014,26
6/5/2014,24
6/6/2014,43
6/7/2014,37
6/8/2014,38
6/9/2014,23
6/10/2014,41
6/11/2014,33
6/12/2014,37
6/13/2014,36
6/14/2014,37
6/15/2014,39
6/16/2014,24
6/17/2014,23
6/18/2014,31
6/19/2014,29
6/20/2014,31
6/21/2014,40
6/22/2014,32
6/23/2014,26
6/24/2014,28
6/25/2014,30
6/26/2014,29
6/27/2014,29
6/28/2014,33
6/29/2014,42
6/30/2014,24
7/1/2014,31
7/2/2014,35
7/3/2014,32
7/4/2014,35
7/5/2014,30
7/6/2014,44
7/7/2014,30
7/8/2014,39
7/9/2014,35
7/10/2014,39
7/11/2014,36
7/12/2014,50
7/13/2014,35
7/14/2014,36
7/15/2014,34
7/16/2014,38
7/17/2014,34
7/18/2014,47
7/19/2014,33
7/20/2014,45
7/21/2014,31
7/22/2014,44
7/23/2014,24
7/24/2014,38
7/25/2014,45
7/26/2014,34
7/27/2014,40
7/28/2014,31
7/29/2014,25
7/30/2014,33
7/31/2014,33
8/1/2014,31
8/2/2014,40
8/3/2014,37
8/4/2014,23
8/5/2014,32
8/6/2014,23
8/7/2014,23
8/8/2014,40
8/9/2014,30
8/10/2014,29
8/11/2014,25
8/12/2014,32
8/13/2014,33
8/14/2014,24
8/15/2014,28
8/16/2014,24
8/17/2014,39
8/18/2014,27
8/19/2014,24
8/20/2014,23
8/21/2014,29
8/22/2014,34
8/23/2014,25
8/24/2014,36
8/25/2014,20
8/26/2014,28
8/27/2014,35
8/28/2014,34
8/29/2014,31
8/30/2014,35
8/31/2014,41
9/1/2014,23
9/2/2014,30
9/3/2014,24
9/4/2014,44
9/5/2014,26
9/6/2014,38
9/7/2014,30
9/8/2014,26
9/9/2014,25
9/10/2014,34
9/11/2014,22
9/12/2014,26
9/13/2014,28
9/14/2014,44
9/15/2014,29
9/16/2014,28
9/17/2014,21
9/18/2014,32
9/19/2014,30
9/20/2014,36
9/21/2014,24
9/22/2014,29
9/23/2014,19
9/24/2014,22
9/25/2014,35
9/26/2014,31
9/27/2014,35
9/28/2014,29
9/29/2014,26
9/30/2014,26
10/1/2014,21
10/2/2014,23
10/3/2014,35
10/4/2014,31
10/5/2014,34
10/6/2014,26
10/7/2014,27
10/8/2014,28
10/9/2014,25
10/10/2014,34
10/11/2014,28
10/12/2014,31
10/13/2014,28
10/14/2014,24
10/15/2014,22
10/16/2014,23
10/17/2014,26
10/18/2014,33
10/19/2014,31
10/20/2014,28
10/21/2014,24
10/22/2014,35
10/23/2014,26
10/24/2014,24
10/25/2014,38
10/26/2014,26
10/27/2014,22
10/28/2014,27
10/29/2014,27
10/30/2014,25
10/31/2014,25
11/1/2014,35
11/2/2014,30
11/3/2014,20
11/4/2014,25
11/5/2014,27
11/6/2014,40
11/7/2014,29
11/8/2014,28
11/9/2014,37
11/10/2014,24
11/11/2014,18
11/12/2014,22
11/13/2014,23
11/14/2014,29
11/15/2014,31
11/16/2014,33
11/17/2014,23
11/18/2014,27
11/19/2014,32
11/20/2014,33
11/21/2014,28
11/22/2014,28
11/23/2014,42
11/24/2014,28
11/25/2014,28
11/26/2014,33
11/27/2014,24
11/28/2014,34
11/29/2014,32
11/30/2014,32
12/1/2014,18
12/2/2014,18
12/3/2014,16
12/4/2014,23
12/5/2014,23
12/6/2014,20
12/7/2014,23
12/8/2014,20
12/9/2014,15
12/10/2014,17
12/11/2014,19
12/12/2014,15
12/13/2014,17
12/14/2014,20
12/15/2014,17
12/16/2014,25
12/17/2014,23
12/18/2014,21
12/19/2014,21
12/20/2014,17
12/21/2014,27
12/22/2014,22
12/23/2014,23
12/24/2014,24
12/25/2014,26
12/26/2014,25
12/27/2014,23
12/28/2014,19
12/29/2014,23
12/30/2014,20
12/31/2014,20
1/1/2015,20
1/2/2015,17
1/3/2015,26
1/4/2015,24
1/5/2015,10
1/6/2015,15
1/7/2015,12
1/8/2015,20
1/9/2015,17
1/10/2015,27
1/11/2015,21
1/12/2015,10
1/13/2015,20
1/14/2015,13
1/15/2015,12
1/16/2015,22
1/17/2015,22
1/18/2015,28
1/19/2015,11
1/20/2015,9
1/21/2015,22
1/22/2015,10
1/23/2015,29
1/24/2015,30
1/25/2015,26
1/26/2015,13
1/27/2015,16
1/28/2015,26
1/29/2015,17
1/30/2015,23
1/31/2015,23
2/1/2015,29
2/2/2015,17
2/3/2015,25
2/4/2015,20
2/5/2015,27
2/6/2015,21
2/7/2015,25
2/8/2015,25
2/9/2015,15
2/10/2015,16
2/11/2015,23
2/12/2015,18
2/13/2015,19
2/14/2015,27
2/15/2015,23
2/16/2015,17
2/17/2015,19
2/18/2015,6
2/19/2015,13
2/20/2015,28
2/21/2015,33
2/22/2015,31
2/23/2015,19
2/24/2015,19
2/25/2015,23
2/26/2015,14
2/27/2015,27
2/28/2015,24
3/1/2015,37
3/2/2015,24
3/3/2015,21
3/4/2015,28
3/5/2015,33
3/6/2015,29
3/7/2015,33
3/8/2015,31
3/9/2015,26
3/10/2015,26
3/11/2015,20
3/12/2015,32
3/13/2015,27
3/14/2015,17
3/15/2015,18
3/16/2015,19
3/17/2015,21
3/18/2015,24
3/19/2015,16
3/20/2015,34
3/21/2015,34
3/22/2015,39
3/23/2015,20
3/24/2015,26
3/25/2015,20
3/26/2015,25
3/27/2015,34
3/28/2015,35
3/29/2015,22
3/30/2015,21
3/31/2015,29
4/1/2015,22
4/2/2015,27
4/3/2015,34
4/4/2015,37
4/5/2015,32
4/6/2015,30
4/7/2015,33
4/8/2015,25
4/9/2015,28
4/10/2015,35
4/11/2015,29
4/12/2015,33
4/13/2015,26
4/14/2015,25
4/15/2015,19
4/16/2015,25
4/17/2015,25
4/18/2015,37
4/19/2015,25
4/20/2015,19
4/21/2015,24
4/22/2015,31
4/23/2015,20
4/24/2015,33
4/25/2015,29
4/26/2015,35
4/27/2015,18
4/28/2015,24
4/29/2015,28
4/30/2015,40
5/1/2015,37
5/2/2015,41
5/3/2015,37
5/4/2015,22
5/5/2015,26
5/6/2015,37
5/7/2015,32
5/8/2015,33
5/9/2015,32
5/10/2015,40
5/11/2015,23
5/12/2015,30
5/13/2015,25
5/14/2015,39
5/15/2015,32
5/16/2015,32
5/17/2015,39
5/18/2015,22
5/19/2015,34
5/20/2015,16
5/21/2015,28
5/22/2015,36
5/23/2015,53
5/24/2015,32
5/25/2015,25
5/26/2015,33
5/27/2015,21
5/28/2015,25
5/29/2015,30
5/30/2015,27
5/31/2015,38
6/1/2015,28
6/2/2015,36
6/3/2015,31
6/4/2015,35
6/5/2015,41
6/6/2015,49
6/7/2015,46
6/8/2015,26
6/9/2015,31
6/10/2015,28
6/11/2015,29
6/12/2015,42
6/13/2015,38
6/14/2015,45
6/15/2015,31
6/16/2015,39
6/17/2015,30
6/18/2015,36
6/19/2015,41
6/20/2015,48
6/21/2015,37
6/22/2015,25
6/23/2015,31
6/24/2015,24
6/25/2015,33
6/26/2015,35
6/27/2015,31
6/28/2015,51
6/29/2015,31
6/30/2015,27
7/1/2015,33
7/2/2015,40
7/3/2015,46
7/4/2015,51
7/5/2015,43
7/6/2015,33
7/7/2015,45
7/8/2015,41
7/9/2015,43
7/10/2015,29
7/11/2015,31
7/12/2015,42
7/13/2015,44
7/14/2015,41
7/15/2015,35
7/16/2015,37
7/17/2015,43
7/18/2015,50
7/19/2015,35
7/20/2015,23
7/21/2015,37
7/22/2015,21
7/23/2015,36
7/24/2015,35
7/25/2015,43
7/26/2015,49
7/27/2015,34
7/28/2015,30
7/29/2015,23
7/30/2015,35
7/31/2015,47
8/1/2015,28
8/2/2015,19
8/3/2015,28
8/4/2015,32
8/5/2015,30
8/6/2015,44
8/7/2015,31
8/8/2015,37
8/9/2015,40
8/10/2015,33
8/11/2015,35
8/12/2015,26
8/13/2015,34
8/14/2015,29
8/15/2015,35
8/16/2015,30
8/17/2015,30
8/18/2015,22
8/19/2015,37
8/20/2015,33
8/21/2015,28
8/22/2015,40
8/23/2015,33
8/24/2015,26
8/25/2015,24
8/26/2015,23
8/27/2015,38
8/28/2015,32
8/29/2015,28
8/30/2015,41
8/31/2015,26
9/1/2015,30
9/2/2015,31
9/3/2015,25
9/4/2015,34
9/5/2015,28
9/6/2015,36
9/7/2015,26
9/8/2015,24
9/9/2015,24
9/10/2015,23
9/11/2015,27
9/12/2015,37
9/13/2015,37
9/14/2015,27
9/15/2015,22
9/16/2015,28
9/17/2015,35
9/18/2015,28
9/19/2015,26
9/20/2015,35
9/21/2015,24
9/22/2015,25
9/23/2015,19
9/24/2015,27
9/25/2015,28
9/26/2015,41
9/27/2015,29
9/28/2015,25
9/29/2015,22
9/30/2015,21
10/1/2015,28
10/2/2015,33
10/3/2015,25
10/4/2015,33
10/5/2015,21
10/6/2015,31
10/7/2015,20
10/8/2015,27
10/9/2015,29
10/10/2015,45
10/11/2015,35
10/12/2015,29
10/13/2015,31
10/14/2015,22
10/15/2015,24
10/16/2015,30
10/17/2015,38
10/18/2015,34
10/19/2015,14
10/20/2015,29
10/21/2015,29
10/22/2015,34
10/23/2015,39
10/24/2015,34
10/25/2015,29
10/26/2015,23
10/27/2015,24
10/28/2015,41
10/29/2015,32
10/30/2015,32
10/31/2015,39
11/1/2015,29
11/2/2015,28
11/3/2015,25
11/4/2015,25
11/5/2015,33
11/6/2015,38
11/7/2015,29
11/8/2015,42
11/9/2015,23
11/10/2015,24
11/11/2015,32
11/12/2015,29
11/13/2015,43
11/14/2015,25
11/15/2015,35
11/16/2015,24
11/17/2015,30
11/18/2015,23
11/19/2015,35
11/20/2015,34
11/21/2015,30
11/22/2015,32
11/23/2015,20
11/24/2015,29
11/25/2015,24
11/26/2015,25
11/27/2015,31
11/28/2015,38
11/29/2015,39
11/30/2015,27
12/1/2015,18
12/2/2015,24
12/3/2015,20
12/4/2015,27
12/5/2015,20
12/6/2015,22
12/7/2015,21
12/8/2015,21
12/9/2015,19
12/10/2015,23
12/11/2015,18
12/12/2015,16
12/13/2015,23
12/14/2015,15
12/15/2015,18
12/16/2015,21
12/17/2015,21
12/18/2015,31
12/19/2015,17
12/20/2015,14
12/21/2015,13
12/22/2015,21
12/23/2015,19
12/24/2015,25
12/25/2015,29
12/26/2015,19
12/27/2015,29
12/28/2015,22
12/29/2015,17
12/30/2015,25
12/31/2015,25
1/1/2016,31
1/2/2016,20
1/3/2016,34
1/4/2016,17
1/5/2016,22
1/6/2016,16
1/7/2016,22
1/8/2016,23
1/9/2016,24
1/10/2016,24
1/11/2016,23
1/12/2016,22
1/13/2016,22
1/14/2016,18
1/15/2016,22
1/16/2016,15
1/17/2016,24
1/18/2016,17
1/19/2016,14
1/20/2016,14
1/21/2016,11
1/22/2016,17
1/23/2016,24
1/24/2016,14
1/25/2016,19
1/26/2016,24
1/27/2016,30
1/28/2016,18
1/29/2016,23
1/30/2016,27
1/31/2016,19
2/1/2016,13
2/2/2016,20
2/3/2016,15
2/4/2016,23
2/5/2016,26
2/6/2016,26
2/7/2016,33
2/8/2016,16
2/9/2016,27
2/10/2016,29
2/11/2016,27
2/12/2016,28
2/13/2016,35
2/14/2016,24
2/15/2016,15
2/16/2016,20
2/17/2016,21
2/18/2016,21
2/19/2016,36
2/20/2016,36
2/21/2016,21
2/22/2016,21
2/23/2016,18
2/24/2016,21
2/25/2016,20
2/26/2016,24
2/27/2016,22
2/28/2016,29
2/29/2016,18
3/1/2016,27
3/2/2016,28
3/3/2016,28
3/4/2016,30
3/5/2016,41
3/6/2016,32
3/7/2016,21
3/8/2016,31
3/9/2016,26
3/10/2016,33
3/11/2016,28
3/12/2016,35
3/13/2016,36
3/14/2016,18
3/15/2016,18
3/16/2016,26
3/17/2016,28
3/18/2016,28
3/19/2016,29
3/20/2016,27
3/21/2016,23
3/22/2016,29
3/23/2016,27
3/24/2016,23
3/25/2016,28
3/26/2016,22
3/27/2016,34
3/28/2016,25
3/29/2016,36
3/30/2016,27
3/31/2016,24
4/1/2016,38
4/2/2016,34
4/3/2016,37
4/4/2016,30
4/5/2016,29
4/6/2016,27
4/7/2016,38
4/8/2016,40
4/9/2016,40
4/10/2016,42
4/11/2016,30
4/12/2016,29
4/13/2016,22
4/14/2016,50
4/15/2016,31
4/16/2016,39
4/17/2016,41
4/18/2016,18
4/19/2016,22
4/20/2016,32
4/21/2016,37
4/22/2016,31
4/23/2016,26
4/24/2016,43
4/25/2016,33
4/26/2016,31
4/27/2016,25
4/28/2016,28
4/29/2016,31
4/30/2016,42
5/1/2016,46
5/2/2016,24
5/3/2016,29
5/4/2016,28
5/5/2016,27
5/6/2016,46
5/7/2016,41
5/8/2016,37
5/9/2016,31
5/10/2016,23
5/11/2016,23
5/12/2016,22
5/13/2016,44
5/14/2016,39
5/15/2016,37
5/16/2016,24
5/17/2016,26
5/18/2016,29
5/19/2016,33
5/20/2016,31
5/21/2016,44
5/22/2016,28
5/23/2016,25
5/24/2016,39
5/25/2016,37
5/26/2016,40
5/27/2016,23
5/28/2016,29
5/29/2016,47
5/30/2016,27
5/31/2016,31
6/1/2016,37
6/2/2016,34
6/3/2016,42
6/4/2016,49
6/5/2016,42
6/6/2016,40
6/7/2016,40
6/8/2016,29
6/9/2016,40
6/10/2016,36
6/11/2016,42
6/12/2016,44
6/13/2016,41
6/14/2016,39
6/15/2016,43
6/16/2016,37
6/17/2016,46
6/18/2016,36
6/19/2016,38
6/20/2016,22
6/21/2016,44
6/22/2016,39
6/23/2016,32
6/24/2016,44
6/25/2016,58
6/26/2016,37
6/27/2016,32
6/28/2016,39
6/29/2016,34
6/30/2016,41
7/1/2016,48
7/2/2016,34
7/3/2016,54
7/4/2016,31
7/5/2016,37
7/6/2016,42
7/7/2016,35
7/8/2016,45
7/9/2016,53
7/10/2016,45
7/11/2016,32
7/12/2016,28
7/13/2016,42
7/14/2016,34
7/15/2016,32
7/16/2016,44
7/17/2016,37
7/18/2016,32
7/19/2016,36
7/20/2016,48
7/21/2016,41
7/22/2016,35
7/23/2016,47
7/24/2016,38
7/25/2016,38
7/26/2016,37
7/27/2016,33
7/28/2016,42
7/29/2016,36
7/30/2016,49
7/31/2016,50
8/1/2016,30
8/2/2016,42
8/3/2016,30
8/4/2016,33
8/5/2016,36
8/6/2016,43
8/7/2016,32
8/8/2016,37
8/9/2016,25
8/10/2016,29
8/11/2016,39
8/12/2016,37
8/13/2016,30
8/14/2016,31
8/15/2016,30
8/16/2016,31
8/17/2016,30
8/18/2016,38
8/19/2016,27
8/20/2016,31
8/21/2016,35
8/22/2016,27
8/23/2016,34
8/24/2016,32
8/25/2016,23
8/26/2016,36
8/27/2016,48
8/28/2016,34
8/29/2016,21
8/30/2016,26
8/31/2016,31
9/1/2016,37
9/2/2016,34
9/3/2016,40
9/4/2016,39
9/5/2016,19
9/6/2016,34
9/7/2016,32
9/8/2016,30
9/9/2016,28
9/10/2016,27
9/11/2016,35
9/12/2016,29
9/13/2016,33
9/14/2016,31
9/15/2016,24
9/16/2016,33
9/17/2016,37
9/18/2016,34
9/19/2016,23
9/20/2016,31
9/21/2016,22
9/22/2016,39
9/23/2016,33
9/24/2016,43
9/25/2016,43
9/26/2016,23
9/27/2016,29
9/28/2016,27
9/29/2016,34
9/30/2016,41
10/1/2016,22
10/2/2016,39
10/3/2016,24
10/4/2016,24
10/5/2016,28
10/6/2016,27
10/7/2016,33
10/8/2016,40
10/9/2016,39
10/10/2016,21
10/11/2016,40
10/12/2016,22
10/13/2016,31
10/14/2016,28
10/15/2016,31
10/16/2016,33
10/17/2016,30
10/18/2016,18
10/19/2016,28
10/20/2016,37
10/21/2016,25
10/22/2016,31
10/23/2016,38
10/24/2016,22
10/25/2016,24
10/26/2016,15
10/27/2016,30
10/28/2016,26
10/29/2016,38
10/30/2016,25
10/31/2016,20
11/1/2016,27
11/2/2016,26
11/3/2016,34
11/4/2016,38
11/5/2016,43
11/6/2016,43
11/7/2016,30
11/8/2016,21
11/9/2016,21
11/10/2016,20
11/11/2016,43
11/12/2016,39
11/13/2016,44
11/14/2016,24
11/15/2016,22
11/16/2016,27
11/17/2016,25
11/18/2016,42
11/19/2016,33
11/20/2016,30
11/21/2016,32
11/22/2016,32
11/23/2016,35
11/24/2016,30
11/25/2016,44
11/26/2016,35
11/27/2016,24
11/28/2016,24
11/29/2016,26
11/30/2016,24
12/1/2016,27
12/2/2016,17
12/3/2016,29
12/4/2016,26
12/5/2016,31
12/6/2016,20
12/7/2016,22
12/8/2016,18
12/9/2016,27
12/10/2016,27
12/11/2016,34
12/12/2016,16
12/13/2016,22
12/14/2016,18
12/15/2016,25
12/16/2016,29
12/17/2016,17
12/18/2016,24
12/19/2016,28
12/20/2016,16
12/21/2016,18
12/22/2016,25
12/23/2016,20
12/24/2016,23
12/25/2016,21
12/26/2016,22
12/27/2016,19
12/28/2016,25
12/29/2016,25
12/30/2016,33
12/31/2016,24
1/1/2017,33
1/2/2017,19
1/3/2017,20
1/4/2017,18
1/5/2017,20
1/6/2017,30
1/7/2017,24
1/8/2017,18
1/9/2017,19
1/10/2017,24
1/11/2017,16
1/12/2017,21
1/13/2017,30
1/14/2017,24
1/15/2017,23
1/16/2017,16
1/17/2017,21
1/18/2017,21
1/19/2017,23
1/20/2017,35
1/21/2017,17
1/22/2017,25
1/23/2017,16
1/24/2017,22
1/25/2017,11
1/26/2017,21
1/27/2017,23
1/28/2017,18
1/29/2017,24
1/30/2017,16
1/31/2017,17
2/1/2017,22
2/2/2017,28
2/3/2017,22
2/4/2017,25
2/5/2017,37
2/6/2017,18
2/7/2017,24
2/8/2017,24
2/9/2017,31
2/10/2017,28
2/11/2017,29
2/12/2017,32
2/13/2017,10
2/14/2017,27
2/15/2017,25
2/16/2017,25
2/17/2017,21
2/18/2017,26
2/19/2017,34
2/20/2017,19
2/21/2017,16
2/22/2017,19
2/23/2017,20
2/24/2017,29
2/25/2017,29
2/26/2017,28
2/27/2017,22
2/28/2017,17
3/1/2017,32
3/2/2017,23
3/3/2017,34
3/4/2017,36
3/5/2017,40
3/6/2017,19
3/7/2017,17
3/8/2017,23
3/9/2017,28
3/10/2017,31
3/11/2017,29
3/12/2017,30
3/13/2017,21
3/14/2017,24
3/15/2017,25
3/16/2017,23
3/17/2017,28
3/18/2017,32
3/19/2017,32
3/20/2017,22
3/21/2017,31
3/22/2017,24
3/23/2017,29
3/24/2017,27
3/25/2017,33
3/26/2017,37
3/27/2017,15
3/28/2017,28
3/29/2017,18
3/30/2017,25
3/31/2017,26
4/1/2017,41
4/2/2017,38
4/3/2017,27
4/4/2017,32
4/5/2017,34
4/6/2017,38
4/7/2017,32
4/8/2017,43
4/9/2017,37
4/10/2017,27
4/11/2017,21
4/12/2017,25
4/13/2017,22
4/14/2017,35
4/15/2017,48
4/16/2017,42
4/17/2017,26
4/18/2017,37
4/19/2017,37
4/20/2017,40
4/21/2017,34
4/22/2017,40
4/23/2017,34
4/24/2017,35
4/25/2017,24
4/26/2017,40
4/27/2017,34
4/28/2017,34
4/29/2017,31
4/30/2017,33
5/1/2017,25
5/2/2017,33
5/3/2017,45
5/4/2017,32
5/5/2017,35
5/6/2017,38
5/7/2017,51
5/8/2017,21
5/9/2017,32
5/10/2017,35
5/11/2017,27
5/12/2017,45
5/13/2017,40
5/14/2017,50
5/15/2017,21
5/16/2017,37
5/17/2017,28
5/18/2017,41
5/19/2017,41
5/20/2017,31
5/21/2017,49
5/22/2017,25
5/23/2017,27
5/24/2017,28
5/25/2017,41
5/26/2017,40
5/27/2017,47
5/28/2017,36
5/29/2017,29
5/30/2017,35
5/31/2017,29
6/1/2017,41
6/2/2017,44
6/3/2017,38
6/4/2017,51
6/5/2017,32
6/6/2017,39
6/7/2017,39
6/8/2017,37
6/9/2017,44
6/10/2017,45
6/11/2017,43
6/12/2017,18
6/13/2017,31
6/14/2017,43
6/15/2017,38
6/16/2017,33
6/17/2017,42
6/18/2017,57
6/19/2017,35
6/20/2017,37
6/21/2017,39
6/22/2017,29
6/23/2017,31
6/24/2017,43
6/25/2017,43
6/26/2017,17
6/27/2017,31
6/28/2017,33
6/29/2017,42
6/30/2017,39
7/1/2017,44
7/2/2017,48
7/3/2017,42
7/4/2017,29
7/5/2017,35
7/6/2017,44
7/7/2017,44
7/8/2017,53
7/9/2017,53
7/10/2017,38
7/11/2017,49
7/12/2017,45
7/13/2017,40
7/14/2017,46
7/15/2017,50
7/16/2017,53
7/17/2017,31
7/18/2017,40
7/19/2017,44
7/20/2017,38
7/21/2017,33
7/22/2017,55
7/23/2017,47
7/24/2017,38
7/25/2017,43
7/26/2017,30
7/27/2017,34
7/28/2017,55
7/29/2017,44
7/30/2017,43
7/31/2017,38
8/1/2017,34
8/2/2017,36
8/3/2017,31
8/4/2017,37
8/5/2017,45
8/6/2017,37
8/7/2017,31
8/8/2017,29
8/9/2017,39
8/10/2017,41
8/11/2017,50
8/12/2017,42
8/13/2017,35
8/14/2017,27
8/15/2017,38
8/16/2017,35
8/17/2017,38
8/18/2017,41
8/19/2017,37
8/20/2017,44
8/21/2017,39
8/22/2017,28
8/23/2017,29
8/24/2017,33
8/25/2017,33
8/26/2017,43
8/27/2017,43
8/28/2017,39
8/29/2017,20
8/30/2017,27
8/31/2017,39
9/1/2017,42
9/2/2017,39
9/3/2017,39
9/4/2017,32
9/5/2017,24
9/6/2017,29
9/7/2017,33
9/8/2017,29
9/9/2017,49
9/10/2017,35
9/11/2017,31
9/12/2017,33
9/13/2017,28
9/14/2017,29
9/15/2017,38
9/16/2017,36
9/17/2017,47
9/18/2017,26
9/19/2017,30
9/20/2017,23
9/21/2017,38
9/22/2017,28
9/23/2017,35
9/24/2017,38
9/25/2017,32
9/26/2017,24
9/27/2017,30
9/28/2017,29
9/29/2017,42
9/30/2017,32
10/1/2017,42
10/2/2017,21
10/3/2017,28
10/4/2017,23
10/5/2017,36
10/6/2017,47
10/7/2017,30
10/8/2017,42
10/9/2017,16
10/10/2017,37
10/11/2017,39
10/12/2017,33
10/13/2017,32
10/14/2017,34
10/15/2017,36
10/16/2017,27
10/17/2017,29
10/18/2017,25
10/19/2017,20
10/20/2017,38
10/21/2017,43
10/22/2017,33
10/23/2017,28
10/24/2017,37
10/25/2017,29
10/26/2017,43
10/27/2017,28
10/28/2017,34
10/29/2017,34
10/30/2017,32
10/31/2017,22
11/1/2017,35
11/2/2017,35
11/3/2017,33
11/4/2017,46
11/5/2017,38
11/6/2017,28
11/7/2017,28
11/8/2017,29
11/9/2017,28
11/10/2017,32
11/11/2017,38
11/12/2017,33
11/13/2017,21
11/14/2017,32
11/15/2017,19
11/16/2017,28
11/17/2017,34
11/18/2017,45
11/19/2017,45
11/20/2017,27
11/21/2017,41
11/22/2017,33
11/23/2017,41
11/24/2017,38
11/25/2017,26
11/26/2017,44
11/27/2017,29
11/28/2017,36
11/29/2017,24
11/30/2017,31
12/1/2017,31
12/2/2017,24
12/3/2017,20
12/4/2017,10
12/5/2017,14
12/6/2017,12
12/7/2017,21
12/8/2017,27
12/9/2017,29
12/10/2017,29
12/11/2017,16
12/12/2017,20
12/13/2017,23
12/14/2017,18
12/15/2017,25
12/16/2017,30
12/17/2017,45
12/18/2017,20
12/19/2017,16
12/20/2017,19
12/21/2017,21
12/22/2017,28
12/23/2017,18
12/24/2017,28
12/25/2017,18
12/26/2017,25
12/27/2017,19
12/28/2017,21
12/29/2017,18
12/30/2017,24
12/31/2017,31
1/1/2013,19
1/2/2013,8
1/3/2013,10
1/4/2013,15
1/5/2013,22
1/6/2013,22
1/7/2013,7
1/8/2013,15
1/9/2013,9
1/10/2013,7
1/11/2013,19
1/12/2013,16
1/13/2013,14
1/14/2013,9
1/15/2013,14
1/16/2013,13
1/17/2013,18
1/18/2013,19
1/19/2013,19
1/20/2013,18
1/21/2013,14
1/22/2013,13
1/23/2013,17
1/24/2013,12
1/25/2013,19
1/26/2013,14
1/27/2013,13
1/28/2013,5
1/29/2013,20
1/30/2013,16
1/31/2013,17
2/1/2013,21
2/2/2013,21
2/3/2013,18
2/4/2013,10
2/5/2013,17
2/6/2013,15
2/7/2013,10
2/8/2013,8
2/9/2013,20
2/10/2013,6
2/11/2013,13
2/12/2013,14
2/13/2013,12
2/14/2013,12
2/15/2013,14
2/16/2013,15
2/17/2013,20
2/18/2013,10
2/19/2013,4
2/20/2013,12
2/21/2013,19
2/22/2013,17
2/23/2013,20
2/24/2013,24
2/25/2013,17
2/26/2013,13
2/27/2013,17
2/28/2013,22
3/1/2013,15
3/2/2013,19
3/3/2013,21
3/4/2013,17
3/5/2013,22
3/6/2013,19
3/7/2013,19
3/8/2013,26
3/9/2013,19
3/10/2013,21
3/11/2013,16
3/12/2013,19
3/13/2013,21
3/14/2013,22
3/15/2013,15
3/16/2013,21
3/17/2013,23
3/18/2013,11
3/19/2013,16
3/20/2013,13
3/21/2013,15
3/22/2013,23
3/23/2013,17
3/24/2013,26
3/25/2013,15
3/26/2013,25
3/27/2013,19
3/28/2013,17
3/29/2013,14
3/30/2013,21
3/31/2013,20
4/1/2013,15
4/2/2013,22
4/3/2013,21
4/4/2013,24
4/5/2013,20
4/6/2013,36
4/7/2013,31
4/8/2013,20
4/9/2013,12
4/10/2013,19
4/11/2013,29
4/12/2013,24
4/13/2013,25
4/14/2013,31
4/15/2013,15
4/16/2013,24
4/17/2013,15
4/18/2013,19
4/19/2013,23
4/20/2013,23
4/21/2013,19
4/22/2013,20
4/23/2013,31
4/24/2013,16
4/25/2013,24
4/26/2013,15
4/27/2013,35
4/28/2013,34
4/29/2013,12
4/30/2013,19
5/1/2013,24
5/2/2013,21
5/3/2013,23
5/4/2013,31
5/5/2013,30
5/6/2013,18
5/7/2013,21
5/8/2013,23
5/9/2013,33
5/10/2013,28
5/11/2013,28
5/12/2013,24
5/13/2013,15
5/14/2013,23
5/15/2013,15
5/16/2013,30
5/17/2013,28
5/18/2013,27
5/19/2013,25
5/20/2013,19
5/21/2013,15
5/22/2013,25
5/23/2013,18
5/24/2013,22
5/25/2013,27
5/26/2013,29
5/27/2013,26
5/28/2013,20
5/29/2013,26
5/30/2013,14
5/31/2013,27
6/1/2013,26
6/2/2013,28
6/3/2013,17
6/4/2013,24
6/5/2013,23
6/6/2013,20
6/7/2013,24
6/8/2013,31
6/9/2013,29
6/10/2013,17
6/11/2013,25
6/12/2013,26
6/13/2013,28
6/14/2013,26
6/15/2013,20
6/16/2013,22
6/17/2013,22
6/18/2013,26
6/19/2013,20
6/20/2013,33
6/21/2013,25
6/22/2013,28
6/23/2013,29
6/24/2013,20
6/25/2013,20
6/26/2013,22
6/27/2013,24
6/28/2013,32
6/29/2013,28
6/30/2013,33
7/1/2013,20
7/2/2013,24
7/3/2013,20
7/4/2013,25
7/5/2013,29
7/6/2013,29
7/7/2013,31
7/8/2013,22
7/9/2013,32
7/10/2013,19
7/11/2013,21
7/12/2013,29
7/13/2013,21
7/14/2013,35
7/15/2013,24
7/16/2013,20
7/17/2013,24
7/18/2013,30
7/19/2013,32
7/20/2013,30
7/21/2013,35
7/22/2013,16
7/23/2013,21
7/24/2013,21
7/25/2013,33
7/26/2013,28
7/27/2013,32
7/28/2013,30
7/29/2013,22
7/30/2013,16
7/31/2013,23
8/1/2013,21
8/2/2013,25
8/3/2013,30
8/4/2013,21
8/5/2013,27
8/6/2013,30
8/7/2013,30
8/8/2013,18
8/9/2013,21
8/10/2013,27
8/11/2013,38
8/12/2013,9
8/13/2013,27
8/14/2013,26
8/15/2013,23
8/16/2013,26
8/17/2013,28
8/18/2013,27
8/19/2013,22
8/20/2013,33
8/21/2013,28
8/22/2013,21
8/23/2013,29
8/24/2013,20
8/25/2013,32
8/26/2013,16
8/27/2013,14
8/28/2013,21
8/29/2013,31
8/30/2013,23
8/31/2013,25
9/1/2013,25
9/2/2013,14
9/3/2013,18
9/4/2013,17
9/5/2013,20
9/6/2013,11
9/7/2013,29
9/8/2013,25
9/9/2013,23
9/10/2013,21
9/11/2013,17
9/12/2013,21
9/13/2013,25
9/14/2013,29
9/15/2013,30
9/16/2013,16
9/17/2013,20
9/18/2013,18
9/19/2013,23
9/20/2013,17
9/21/2013,27
9/22/2013,22
9/23/2013,19
9/24/2013,18
9/25/2013,25
9/26/2013,19
9/27/2013,19
9/28/2013,30
9/29/2013,37
9/30/2013,15
10/1/2013,18
10/2/2013,20
10/3/2013,22
10/4/2013,26
10/5/2013,11
10/6/2013,31
10/7/2013,25
10/8/2013,16
10/9/2013,20
10/10/2013,15
10/11/2013,22
10/12/2013,23
10/13/2013,20
10/14/2013,14
10/15/2013,24
10/16/2013,16
10/17/2013,24
10/18/2013,21
10/19/2013,25
10/20/2013,18
10/21/2013,13
10/22/2013,28
10/23/2013,16
10/24/2013,18
10/25/2013,18
10/26/2013,24
10/27/2013,23
10/28/2013,16
10/29/2013,28
10/30/2013,12
10/31/2013,19
11/1/2013,29
11/2/2013,20
11/3/2013,34
11/4/2013,20
11/5/2013,17
11/6/2013,13
11/7/2013,15
11/8/2013,28
11/9/2013,18
11/10/2013,31
11/11/2013,20
11/12/2013,20
11/13/2013,20
11/14/2013,26
11/15/2013,14
11/16/2013,27
11/17/2013,22
11/18/2013,13
11/19/2013,24
11/20/2013,18
11/21/2013,28
11/22/2013,33
11/23/2013,18
11/24/2013,33
11/25/2013,23
11/26/2013,18
11/27/2013,18
11/28/2013,33
11/29/2013,14
11/30/2013,22
12/1/2013,21
12/2/2013,12
12/3/2013,13
12/4/2013,14
12/5/2013,17
12/6/2013,15
12/7/2013,15
12/8/2013,19
12/9/2013,11
12/10/2013,11
12/11/2013,14
12/12/2013,12
12/13/2013,16
12/14/2013,23
12/15/2013,14
12/16/2013,18
12/17/2013,17
12/18/2013,10
12/19/2013,15
12/20/2013,18
12/21/2013,18
12/22/2013,16
12/23/2013,14
12/24/2013,15
12/25/2013,23
12/26/2013,15
12/27/2013,18
12/28/2013,16
12/29/2013,19
12/30/2013,7
12/31/2013,12
1/1/2014,7
1/2/2014,17
1/3/2014,16
1/4/2014,21
1/5/2014,14
1/6/2014,13
1/7/2014,15
1/8/2014,17
1/9/2014,15
1/10/2014,15
1/11/2014,18
1/12/2014,15
1/13/2014,10
1/14/2014,19
1/15/2014,18
1/16/2014,19
1/17/2014,19
1/18/2014,10
1/19/2014,19
1/20/2014,15
1/21/2014,11
1/22/2014,14
1/23/2014,17
1/24/2014,15
1/25/2014,26
1/26/2014,18
1/27/2014,17
1/28/2014,10
1/29/2014,8
1/30/2014,19
1/31/2014,12
2/1/2014,10
2/2/2014,13
2/3/2014,19
2/4/2014,20
2/5/2014,19
2/6/2014,21
2/7/2014,26
2/8/2014,21
2/9/2014,32
2/10/2014,10
2/11/2014,17
2/12/2014,18
2/13/2014,18
2/14/2014,14
2/15/2014,19
2/16/2014,13
2/17/2014,10
2/18/2014,14
2/19/2014,14
2/20/2014,15
2/21/2014,19
2/22/2014,16
2/23/2014,18
2/24/2014,16
2/25/2014,26
2/26/2014,20
2/27/2014,24
2/28/2014,21
3/1/2014,19
3/2/2014,26
3/3/2014,17
3/4/2014,18
3/5/2014,22
3/6/2014,28
3/7/2014,23
3/8/2014,22
3/9/2014,28
3/10/2014,19
3/11/2014,22
3/12/2014,20
3/13/2014,23
3/14/2014,14
3/15/2014,21
3/16/2014,30
3/17/2014,15
3/18/2014,17
3/19/2014,22
3/20/2014,25
3/21/2014,25
3/22/2014,23
3/23/2014,31
3/24/2014,17
3/25/2014,15
3/26/2014,33
3/27/2014,22
3/28/2014,21
3/29/2014,29
3/30/2014,26
3/31/2014,12
4/1/2014,27
4/2/2014,29
4/3/2014,24
4/4/2014,19
4/5/2014,29
4/6/2014,29
4/7/2014,14
4/8/2014,22
4/9/2014,19
4/10/2014,27
4/11/2014,26
4/12/2014,32
4/13/2014,26
4/14/2014,19
4/15/2014,15
4/16/2014,24
4/17/2014,20
4/18/2014,31
4/19/2014,24
4/20/2014,26
4/21/2014,20
4/22/2014,20
4/23/2014,28
4/24/2014,26
4/25/2014,27
4/26/2014,22
4/27/2014,40
4/28/2014,15
4/29/2014,28
4/30/2014,20
5/1/2014,27
5/2/2014,19
5/3/2014,33
5/4/2014,32
5/5/2014,15
5/6/2014,30
5/7/2014,21
5/8/2014,24
5/9/2014,35
5/10/2014,39
5/11/2014,38
5/12/2014,19
5/13/2014,26
5/14/2014,34
5/15/2014,25
5/16/2014,31
5/17/2014,40
5/18/2014,23
5/19/2014,16
5/20/2014,24
5/21/2014,34
5/22/2014,24
5/23/2014,24
5/24/2014,31
5/25/2014,31
5/26/2014,29
5/27/2014,26
5/28/2014,30
5/29/2014,30
5/30/2014,30
5/31/2014,35
6/1/2014,35
6/2/2014,24
6/3/2014,27
6/4/2014,22
6/5/2014,22
6/6/2014,22
6/7/2014,40
6/8/2014,34
6/9/2014,23
6/10/2014,34
6/11/2014,34
6/12/2014,31
6/13/2014,34
6/14/2014,39
6/15/2014,25
6/16/2014,23
6/17/2014,18
6/18/2014,23
6/19/2014,29
6/20/2014,26
6/21/2014,44
6/22/2014,31
6/23/2014,27
6/24/2014,31
6/25/2014,27
6/26/2014,22
6/27/2014,30
6/28/2014,28
6/29/2014,26
6/30/2014,19
7/1/2014,24
7/2/2014,25
7/3/2014,31
7/4/2014,31
7/5/2014,39
7/6/2014,24
7/7/2014,23
7/8/2014,26
7/9/2014,28
7/10/2014,22
7/11/2014,36
7/12/2014,39
7/13/2014,31
7/14/2014,36
7/15/2014,16
7/16/2014,44
7/17/2014,29
7/18/2014,33
7/19/2014,33
7/20/2014,43
7/21/2014,22
7/22/2014,31
7/23/2014,37
7/24/2014,29
7/25/2014,44
7/26/2014,34
7/27/2014,39
7/28/2014,29
7/29/2014,21
7/30/2014,19
7/31/2014,24
8/1/2014,34
8/2/2014,35
8/3/2014,28
8/4/2014,16
8/5/2014,16
8/6/2014,33
8/7/2014,27
8/8/2014,30
8/9/2014,20
8/10/2014,31
8/11/2014,17
8/12/2014,26
8/13/2014,23
8/14/2014,23
8/15/2014,26
8/16/2014,33
8/17/2014,30
8/18/2014,18
8/19/2014,34
8/20/2014,23
8/21/2014,29
8/22/2014,30
8/23/2014,35
8/24/2014,32
8/25/2014,26
8/26/2014,24
8/27/2014,31
8/28/2014,16
8/29/2014,27
8/30/2014,27
8/31/2014,24
9/1/2014,23
9/2/2014,20
9/3/2014,22
9/4/2014,27
9/5/2014,28
9/6/2014,28
9/7/2014,31
9/8/2014,21
9/9/2014,26
9/10/2014,21
9/11/2014,23
9/12/2014,28
9/13/2014,34
9/14/2014,31
9/15/2014,16
9/16/2014,19
9/17/2014,25
9/18/2014,26
9/19/2014,31
9/20/2014,24
9/21/2014,29
9/22/2014,16
9/23/2014,14
9/24/2014,25
9/25/2014,14
9/26/2014,26
9/27/2014,35
9/28/2014,27
9/29/2014,17
9/30/2014,21
10/1/2014,24
10/2/2014,28
10/3/2014,22
10/4/2014,20
10/5/2014,32
10/6/2014,13
10/7/2014,24
10/8/2014,26
10/9/2014,29
10/10/2014,22
10/11/2014,26
10/12/2014,29
10/13/2014,19
10/14/2014,26
10/15/2014,15
10/16/2014,29
10/17/2014,28
10/18/2014,40
10/19/2014,30
10/20/2014,13
10/21/2014,35
10/22/2014,14
10/23/2014,19
10/24/2014,20
10/25/2014,16
10/26/2014,21
10/27/2014,21
10/28/2014,20
10/29/2014,20
10/30/2014,27
10/31/2014,22
11/1/2014,26
11/2/2014,29
11/3/2014,14
11/4/2014,20
11/5/2014,22
11/6/2014,27
11/7/2014,34
11/8/2014,25
11/9/2014,22
11/10/2014,22
11/11/2014,26
11/12/2014,25
11/13/2014,21
11/14/2014,23
11/15/2014,32
11/16/2014,32
11/17/2014,23
11/18/2014,23
11/19/2014,28
11/20/2014,38
11/21/2014,34
11/22/2014,26
11/23/2014,22
11/24/2014,22
11/25/2014,26
11/26/2014,27
11/27/2014,31
11/28/2014,23
11/29/2014,27
11/30/2014,28
12/1/2014,14
12/2/2014,12
12/3/2014,14
12/4/2014,20
12/5/2014,21
12/6/2014,19
12/7/2014,16
12/8/2014,15
12/9/2014,20
12/10/2014,11
12/11/2014,15
12/12/2014,20
12/13/2014,23
12/14/2014,22
12/15/2014,17
12/16/2014,11
12/17/2014,28
12/18/2014,12
12/19/2014,17
12/20/2014,26
12/21/2014,21
12/22/2014,16
12/23/2014,24
12/24/2014,15
12/25/2014,16
12/26/2014,18
12/27/2014,20
12/28/2014,25
12/29/2014,12
12/30/2014,13
12/31/2014,11
1/1/2015,15
1/2/2015,16
1/3/2015,20
1/4/2015,18
1/5/2015,8
1/6/2015,15
1/7/2015,17
1/8/2015,18
1/9/2015,23
1/10/2015,23
1/11/2015,16
1/12/2015,13
1/13/2015,14
1/14/2015,10
1/15/2015,7
1/16/2015,16
1/17/2015,23
1/18/2015,23
1/19/2015,14
1/20/2015,16
1/21/2015,19
1/22/2015,13
1/23/2015,23
1/24/2015,17
1/25/2015,17
1/26/2015,16
1/27/2015,23
1/28/2015,13
1/29/2015,11
1/30/2015,16
1/31/2015,27
2/1/2015,21
2/2/2015,12
2/3/2015,10
2/4/2015,19
2/5/2015,18
2/6/2015,19
2/7/2015,22
2/8/2015,14
2/9/2015,17
2/10/2015,12
2/11/2015,17
2/12/2015,25
2/13/2015,18
2/14/2015,24
2/15/2015,19
2/16/2015,18
2/17/2015,9
2/18/2015,17
2/19/2015,17
2/20/2015,16
2/21/2015,18
2/22/2015,33
2/23/2015,14
2/24/2015,13
2/25/2015,18
2/26/2015,14
2/27/2015,17
2/28/2015,15
3/1/2015,19
3/2/2015,21
3/3/2015,18
3/4/2015,27
3/5/2015,17
3/6/2015,25
3/7/2015,28
3/8/2015,25
3/9/2015,10
3/10/2015,16
3/11/2015,21
3/12/2015,21
3/13/2015,26
3/14/2015,26
3/15/2015,21
3/16/2015,21
3/17/2015,22
3/18/2015,15
3/19/2015,21
3/20/2015,23
3/21/2015,27
3/22/2015,30
3/23/2015,17
3/24/2015,27
3/25/2015,21
3/26/2015,24
3/27/2015,26
3/28/2015,26
3/29/2015,41
3/30/2015,14
3/31/2015,16
4/1/2015,20
4/2/2015,29
4/3/2015,32
4/4/2015,32
4/5/2015,30
4/6/2015,23
4/7/2015,26
4/8/2015,28
4/9/2015,31
4/10/2015,24
4/11/2015,38
4/12/2015,32
4/13/2015,24
4/14/2015,38
4/15/2015,28
4/16/2015,27
4/17/2015,23
4/18/2015,34
4/19/2015,22
4/20/2015,22
4/21/2015,19
4/22/2015,18
4/23/2015,22
4/24/2015,23
4/25/2015,36
4/26/2015,39
4/27/2015,26
4/28/2015,17
4/29/2015,23
4/30/2015,27
5/1/2015,32
5/2/2015,43
5/3/2015,34
5/4/2015,21
5/5/2015,31
5/6/2015,28
5/7/2015,31
5/8/2015,32
5/9/2015,36
5/10/2015,37
5/11/2015,22
5/12/2015,23
5/13/2015,19
5/14/2015,21
5/15/2015,29
5/16/2015,33
5/17/2015,33
5/18/2015,27
5/19/2015,26
5/20/2015,27
5/21/2015,31
5/22/2015,30
5/23/2015,30
5/24/2015,29
5/25/2015,21
5/26/2015,28
5/27/2015,19
5/28/2015,29
5/29/2015,34
5/30/2015,29
5/31/2015,25
6/1/2015,23
6/2/2015,34
6/3/2015,28
6/4/2015,36
6/5/2015,31
6/6/2015,39
6/7/2015,46
6/8/2015,19
6/9/2015,32
6/10/2015,22
6/11/2015,27
6/12/2015,25
6/13/2015,31
6/14/2015,40
6/15/2015,12
6/16/2015,21
6/17/2015,36
6/18/2015,31
6/19/2015,34
6/20/2015,29
6/21/2015,44
6/22/2015,30
6/23/2015,26
6/24/2015,31
6/25/2015,33
6/26/2015,23
6/27/2015,32
6/28/2015,34
6/29/2015,29
6/30/2015,26
7/1/2015,30
7/2/2015,32
7/3/2015,37
7/4/2015,26
7/5/2015,39
7/6/2015,31
7/7/2015,37
7/8/2015,24
7/9/2015,29
7/10/2015,37
7/11/2015,32
7/12/2015,41
7/13/2015,23
7/14/2015,25
7/15/2015,26
7/16/2015,36
7/17/2015,28
7/18/2015,35
7/19/2015,41
7/20/2015,18
7/21/2015,30
7/22/2015,33
7/23/2015,30
7/24/2015,29
7/25/2015,37
7/26/2015,32
7/27/2015,20
7/28/2015,33
7/29/2015,31
7/30/2015,50
7/31/2015,32
8/1/2015,31
8/2/2015,38
8/3/2015,22
8/4/2015,27
8/5/2015,21
8/6/2015,17
8/7/2015,29
8/8/2015,36
8/9/2015,39
8/10/2015,20
8/11/2015,34
8/12/2015,24
8/13/2015,27
8/14/2015,26
8/15/2015,31
8/16/2015,47
8/17/2015,31
8/18/2015,34
8/19/2015,24
8/20/2015,27
8/21/2015,37
8/22/2015,38
8/23/2015,31
8/24/2015,18
8/25/2015,27
8/26/2015,31
8/27/2015,25
8/28/2015,37
8/29/2015,27
8/30/2015,39
8/31/2015,15
9/1/2015,24
9/2/2015,20
9/3/2015,31
9/4/2015,31
9/5/2015,39
9/6/2015,37
9/7/2015,18
9/8/2015,26
9/9/2015,35
9/10/2015,31
9/11/2015,26
9/12/2015,29
9/13/2015,23
9/14/2015,19
9/15/2015,30
9/16/2015,23
9/17/2015,26
9/18/2015,29
9/19/2015,30
9/20/2015,30
9/21/2015,29
9/22/2015,30
9/23/2015,32
9/24/2015,22
9/25/2015,28
9/26/2015,24
9/27/2015,35
9/28/2015,23
9/29/2015,31
9/30/2015,18
10/1/2015,27
10/2/2015,23
10/3/2015,27
10/4/2015,26
10/5/2015,19
10/6/2015,19
10/7/2015,21
10/8/2015,19
10/9/2015,16
10/10/2015,29
10/11/2015,30
10/12/2015,12
10/13/2015,23
10/14/2015,24
10/15/2015,29
10/16/2015,21
10/17/2015,25
10/18/2015,42
10/19/2015,16
10/20/2015,26
10/21/2015,14
10/22/2015,29
10/23/2015,27
10/24/2015,14
10/25/2015,31
10/26/2015,23
10/27/2015,24
10/28/2015,20
10/29/2015,31
10/30/2015,28
10/31/2015,31
11/1/2015,30
11/2/2015,16
11/3/2015,21
11/4/2015,32
11/5/2015,25
11/6/2015,26
11/7/2015,29
11/8/2015,39
11/9/2015,23
11/10/2015,21
11/11/2015,27
11/12/2015,15
11/13/2015,21
11/14/2015,24
11/15/2015,38
11/16/2015,24
11/17/2015,31
11/18/2015,27
11/19/2015,22
11/20/2015,40
11/21/2015,28
11/22/2015,37
11/23/2015,25
11/24/2015,20
11/25/2015,16
11/26/2015,20
11/27/2015,27
11/28/2015,42
11/29/2015,35
11/30/2015,14
12/1/2015,18
12/2/2015,23
12/3/2015,13
12/4/2015,14
12/5/2015,22
12/6/2015,23
12/7/2015,17
12/8/2015,18
12/9/2015,13
12/10/2015,21
12/11/2015,14
12/12/2015,18
12/13/2015,21
12/14/2015,18
12/15/2015,18
12/16/2015,25
12/17/2015,15
12/18/2015,19
12/19/2015,21
12/20/2015,25
12/21/2015,7
12/22/2015,16
12/23/2015,14
12/24/2015,19
12/25/2015,21
12/26/2015,22
12/27/2015,22
12/28/2015,15
12/29/2015,21
12/30/2015,16
12/31/2015,23
1/1/2016,23
1/2/2016,22
1/3/2016,19
1/4/2016,14
1/5/2016,13
1/6/2016,19
1/7/2016,17
1/8/2016,10
1/9/2016,25
1/10/2016,20
1/11/2016,14
1/12/2016,18
1/13/2016,22
1/14/2016,16
1/15/2016,22
1/16/2016,22
1/17/2016,19
1/18/2016,19
1/19/2016,20
1/20/2016,14
1/21/2016,14
1/22/2016,16
1/23/2016,19
1/24/2016,18
1/25/2016,18
1/26/2016,22
1/27/2016,23
1/28/2016,18
1/29/2016,17
1/30/2016,18
1/31/2016,20
2/1/2016,12
2/2/2016,24
2/3/2016,25
2/4/2016,22
2/5/2016,19
2/6/2016,28
2/7/2016,24
2/8/2016,19
2/9/2016,19
2/10/2016,21
2/11/2016,24
2/12/2016,25
2/13/2016,22
2/14/2016,29
2/15/2016,22
2/16/2016,26
2/17/2016,21
2/18/2016,20
2/19/2016,22
2/20/2016,21
2/21/2016,25
2/22/2016,11
2/23/2016,17
2/24/2016,26
2/25/2016,22
2/26/2016,22
2/27/2016,19
2/28/2016,23
2/29/2016,18
3/1/2016,19
3/2/2016,25
3/3/2016,25
3/4/2016,19
3/5/2016,28
3/6/2016,23
3/7/2016,13
3/8/2016,23
3/9/2016,24
3/10/2016,28
3/11/2016,27
3/12/2016,26
3/13/2016,31
3/14/2016,16
3/15/2016,24
3/16/2016,15
3/17/2016,19
3/18/2016,22
3/19/2016,24
3/20/2016,17
3/21/2016,22
3/22/2016,19
3/23/2016,24
3/24/2016,13
3/25/2016,36
3/26/2016,28
3/27/2016,28
3/28/2016,25
3/29/2016,23
3/30/2016,16
3/31/2016,19
4/1/2016,25
4/2/2016,33
4/3/2016,41
4/4/2016,26
4/5/2016,34
4/6/2016,22
4/7/2016,27
4/8/2016,26
4/9/2016,39
4/10/2016,39
4/11/2016,26
4/12/2016,30
4/13/2016,22
4/14/2016,27
4/15/2016,34
4/16/2016,37
4/17/2016,28
4/18/2016,26
4/19/2016,25
4/20/2016,29
4/21/2016,33
4/22/2016,31
4/23/2016,39
4/24/2016,28
4/25/2016,26
4/26/2016,22
4/27/2016,22
4/28/2016,29
4/29/2016,31
4/30/2016,45
5/1/2016,38
5/2/2016,22
5/3/2016,29
5/4/2016,25
5/5/2016,36
5/6/2016,36
5/7/2016,37
5/8/2016,39
5/9/2016,22
5/10/2016,25
5/11/2016,27
5/12/2016,27
5/13/2016,38
5/14/2016,36
5/15/2016,34
5/16/2016,19
5/17/2016,30
5/18/2016,22
5/19/2016,32
5/20/2016,36
5/21/2016,33
5/22/2016,30
5/23/2016,24
5/24/2016,32
5/25/2016,26
5/26/2016,26
5/27/2016,32
5/28/2016,39
5/29/2016,38
5/30/2016,17
5/31/2016,33
6/1/2016,22
6/2/2016,30
6/3/2016,33
6/4/2016,31
6/5/2016,35
6/6/2016,31
6/7/2016,21
6/8/2016,29
6/9/2016,27
6/10/2016,49
6/11/2016,37
6/12/2016,45
6/13/2016,38
6/14/2016,30
6/15/2016,30
6/16/2016,35
6/17/2016,32
6/18/2016,38
6/19/2016,30
6/20/2016,24
6/21/2016,31
6/22/2016,29
6/23/2016,33
6/24/2016,35
6/25/2016,39
6/26/2016,35
6/27/2016,32
6/28/2016,45
6/29/2016,26
6/30/2016,37
7/1/2016,27
7/2/2016,37
7/3/2016,41
7/4/2016,26
7/5/2016,30
7/6/2016,29
7/7/2016,42
7/8/2016,46
7/9/2016,48
7/10/2016,43
7/11/2016,25
7/12/2016,28
7/13/2016,37
7/14/2016,41
7/15/2016,37
7/16/2016,42
7/17/2016,36
7/18/2016,26
7/19/2016,24
7/20/2016,33
7/21/2016,40
7/22/2016,26
7/23/2016,36
7/24/2016,29
7/25/2016,36
7/26/2016,38
7/27/2016,27
7/28/2016,41
7/29/2016,38
7/30/2016,41
7/31/2016,32
8/1/2016,23
8/2/2016,21
8/3/2016,29
8/4/2016,18
8/5/2016,35
8/6/2016,36
8/7/2016,49
8/8/2016,31
8/9/2016,30
8/10/2016,22
8/11/2016,18
8/12/2016,42
8/13/2016,23
8/14/2016,44
8/15/2016,22
8/16/2016,21
8/17/2016,33
8/18/2016,37
8/19/2016,26
8/20/2016,36
8/21/2016,42
8/22/2016,19
8/23/2016,32
8/24/2016,35
8/25/2016,26
8/26/2016,33
8/27/2016,39
8/28/2016,39
8/29/2016,23
8/30/2016,36
8/31/2016,31
9/1/2016,28
9/2/2016,27
9/3/2016,37
9/4/2016,38
9/5/2016,23
9/6/2016,22
9/7/2016,21
9/8/2016,22
9/9/2016,24
9/10/2016,33
9/11/2016,27
9/12/2016,26
9/13/2016,22
9/14/2016,25
9/15/2016,22
9/16/2016,35
9/17/2016,30
9/18/2016,30
9/19/2016,15
9/20/2016,29
9/21/2016,24
9/22/2016,25
9/23/2016,28
9/24/2016,37
9/25/2016,30
9/26/2016,28
9/27/2016,31
9/28/2016,45
9/29/2016,26
9/30/2016,36
10/1/2016,28
10/2/2016,38
10/3/2016,8
10/4/2016,22
10/5/2016,24
10/6/2016,27
10/7/2016,31
10/8/2016,40
10/9/2016,32
10/10/2016,20
10/11/2016,30
10/12/2016,26
10/13/2016,22
10/14/2016,31
10/15/2016,35
10/16/2016,31
10/17/2016,19
10/18/2016,28
10/19/2016,25
10/20/2016,24
10/21/2016,37
10/22/2016,26
10/23/2016,22
10/24/2016,21
10/25/2016,21
10/26/2016,28
10/27/2016,30
10/28/2016,29
10/29/2016,30
10/30/2016,20
10/31/2016,22
11/1/2016,32
11/2/2016,31
11/3/2016,27
11/4/2016,25
11/5/2016,33
11/6/2016,45
11/7/2016,14
11/8/2016,25
11/9/2016,24
11/10/2016,34
11/11/2016,24
11/12/2016,30
11/13/2016,25
11/14/2016,23
11/15/2016,27
11/16/2016,18
11/17/2016,35
11/18/2016,21
11/19/2016,27
11/20/2016,46
11/21/2016,26
11/22/2016,23
11/23/2016,22
11/24/2016,35
11/25/2016,23
11/26/2016,27
11/27/2016,37
11/28/2016,21
11/29/2016,37
11/30/2016,25
12/1/2016,19
12/2/2016,15
12/3/2016,23
12/4/2016,30
12/5/2016,25
12/6/2016,14
12/7/2016,16
12/8/2016,23
12/9/2016,21
12/10/2016,37
12/11/2016,23
12/12/2016,24
12/13/2016,14
12/14/2016,17
12/15/2016,24
12/16/2016,25
12/17/2016,24
12/18/2016,23
12/19/2016,21
12/20/2016,26
12/21/2016,24
12/22/2016,21
12/23/2016,18
12/24/2016,26
12/25/2016,24
12/26/2016,11
12/27/2016,22
12/28/2016,15
12/29/2016,19
12/30/2016,21
12/31/2016,26
1/1/2017,20
1/2/2017,16
1/3/2017,17
1/4/2017,20
1/5/2017,26
1/6/2017,17
1/7/2017,22
1/8/2017,18
1/9/2017,17
1/10/2017,11
1/11/2017,20
1/12/2017,23
1/13/2017,16
1/14/2017,20
1/15/2017,25
1/16/2017,16
1/17/2017,22
1/18/2017,23
1/19/2017,23
1/20/2017,18
1/21/2017,24
1/22/2017,23
1/23/2017,18
1/24/2017,21
1/25/2017,16
1/26/2017,27
1/27/2017,21
1/28/2017,20
1/29/2017,21
1/30/2017,16
1/31/2017,17
2/1/2017,22
2/2/2017,28
2/3/2017,33
2/4/2017,28
2/5/2017,20
2/6/2017,20
2/7/2017,22
2/8/2017,17
2/9/2017,24
2/10/2017,26
2/11/2017,28
2/12/2017,20
2/13/2017,18
2/14/2017,26
2/15/2017,19
2/16/2017,19
2/17/2017,19
2/18/2017,22
2/19/2017,20
2/20/2017,18
2/21/2017,19
2/22/2017,22
2/23/2017,17
2/24/2017,24
2/25/2017,27
2/26/2017,26
2/27/2017,18
2/28/2017,17
3/1/2017,19
3/2/2017,14
3/3/2017,27
3/4/2017,27
3/5/2017,25
3/6/2017,21
3/7/2017,28
3/8/2017,25
3/9/2017,21
3/10/2017,23
3/11/2017,40
3/12/2017,33
3/13/2017,26
3/14/2017,22
3/15/2017,27
3/16/2017,25
3/17/2017,29
3/18/2017,32
3/19/2017,25
3/20/2017,16
3/21/2017,19
3/22/2017,26
3/23/2017,15
3/24/2017,34
3/25/2017,27
3/26/2017,17
3/27/2017,22
3/28/2017,27
3/29/2017,33
3/30/2017,23
3/31/2017,30
4/1/2017,42
4/2/2017,28
4/3/2017,25
4/4/2017,26
4/5/2017,31
4/6/2017,29
4/7/2017,44
4/8/2017,32
4/9/2017,37
4/10/2017,26
4/11/2017,29
4/12/2017,26
4/13/2017,28
4/14/2017,25
4/15/2017,52
4/16/2017,28
4/17/2017,26
4/18/2017,25
4/19/2017,30
4/20/2017,22
4/21/2017,26
4/22/2017,41
4/23/2017,31
4/24/2017,30
4/25/2017,25
4/26/2017,20
4/27/2017,36
4/28/2017,34
4/29/2017,32
4/30/2017,45
5/1/2017,26
5/2/2017,25
5/3/2017,32
5/4/2017,31
5/5/2017,32
5/6/2017,33
5/7/2017,38
5/8/2017,40
5/9/2017,37
5/10/2017,31
5/11/2017,32
5/12/2017,32
5/13/2017,43
5/14/2017,31
5/15/2017,20
5/16/2017,30
5/17/2017,20
5/18/2017,37
5/19/2017,26
5/20/2017,35
5/21/2017,34
5/22/2017,24
5/23/2017,29
5/24/2017,36
5/25/2017,33
5/26/2017,34
5/27/2017,33
5/28/2017,43
5/29/2017,32
5/30/2017,31
5/31/2017,40
6/1/2017,42
6/2/2017,32
6/3/2017,35
6/4/2017,50
6/5/2017,19
6/6/2017,38
6/7/2017,25
6/8/2017,32
6/9/2017,40
6/10/2017,29
6/11/2017,41
6/12/2017,22
6/13/2017,30
6/14/2017,30
6/15/2017,36
6/16/2017,37
6/17/2017,50
6/18/2017,38
6/19/2017,33
6/20/2017,28
6/21/2017,34
6/22/2017,30
6/23/2017,50
6/24/2017,28
6/25/2017,47
6/26/2017,37
6/27/2017,29
6/28/2017,38
6/29/2017,32
6/30/2017,45
7/1/2017,35
7/2/2017,40
7/3/2017,32
7/4/2017,44
7/5/2017,29
7/6/2017,41
7/7/2017,49
7/8/2017,32
7/9/2017,36
7/10/2017,30
7/11/2017,35
7/12/2017,42
7/13/2017,35
7/14/2017,34
7/15/2017,40
7/16/2017,51
7/17/2017,34
7/18/2017,40
7/19/2017,28
7/20/2017,36
7/21/2017,32
7/22/2017,41
7/23/2017,46
7/24/2017,21
7/25/2017,38
7/26/2017,40
7/27/2017,28
7/28/2017,49
7/29/2017,34
7/30/2017,45
7/31/2017,24
8/1/2017,30
8/2/2017,35
8/3/2017,27
8/4/2017,34
8/5/2017,45
8/6/2017,34
8/7/2017,25
8/8/2017,30
8/9/2017,25
8/10/2017,30
8/11/2017,34
8/12/2017,41
8/13/2017,30
8/14/2017,12
8/15/2017,28
8/16/2017,32
8/17/2017,40
8/18/2017,20
8/19/2017,31
8/20/2017,31
8/21/2017,25
8/22/2017,33
8/23/2017,30
8/24/2017,35
8/25/2017,37
8/26/2017,30
8/27/2017,29
8/28/2017,29
8/29/2017,27
8/30/2017,24
8/31/2017,29
9/1/2017,33
9/2/2017,22
9/3/2017,30
9/4/2017,21
9/5/2017,25
9/6/2017,24
9/7/2017,34
9/8/2017,44
9/9/2017,36
9/10/2017,32
9/11/2017,29
9/12/2017,19
9/13/2017,31
9/14/2017,39
9/15/2017,29
9/16/2017,33
9/17/2017,37
9/18/2017,19
9/19/2017,30
9/20/2017,25
9/21/2017,34
9/22/2017,30
9/23/2017,24
9/24/2017,36
9/25/2017,26
9/26/2017,21
9/27/2017,29
9/28/2017,24
9/29/2017,21
9/30/2017,28
10/1/2017,42
10/2/2017,18
10/3/2017,21
10/4/2017,29
10/5/2017,31
10/6/2017,26
10/7/2017,32
10/8/2017,46
10/9/2017,25
10/10/2017,20
10/11/2017,26
10/12/2017,27
10/13/2017,29
10/14/2017,31
10/15/2017,23
10/16/2017,19
10/17/2017,27
10/18/2017,20
10/19/2017,27
10/20/2017,30
10/21/2017,36
10/22/2017,44
10/23/2017,24
10/24/2017,28
10/25/2017,23
10/26/2017,22
10/27/2017,30
10/28/2017,34
10/29/2017,39
10/30/2017,29
10/31/2017,26
11/1/2017,24
11/2/2017,29
11/3/2017,32
11/4/2017,41
11/5/2017,32
11/6/2017,22
11/7/2017,27
11/8/2017,31
11/9/2017,33
11/10/2017,23
11/11/2017,34
11/12/2017,27
11/13/2017,24
11/14/2017,26
11/15/2017,33
11/16/2017,27
11/17/2017,34
11/18/2017,30
11/19/2017,34
11/20/2017,33
11/21/2017,32
11/22/2017,27
11/23/2017,23
11/24/2017,31
11/25/2017,29
11/26/2017,30
11/27/2017,27
11/28/2017,24
11/29/2017,32
11/30/2017,27
12/1/2017,19
12/2/2017,31
12/3/2017,26
12/4/2017,17
12/5/2017,21
12/6/2017,28
12/7/2017,17
12/8/2017,26
12/9/2017,29
12/10/2017,28
12/11/2017,19
12/12/2017,18
12/13/2017,26
12/14/2017,31
12/15/2017,20
12/16/2017,32
12/17/2017,19
12/18/2017,21
12/19/2017,19
12/20/2017,24
12/21/2017,29
12/22/2017,22
12/23/2017,27
12/24/2017,27
12/25/2017,13
12/26/2017,16
12/27/2017,16
12/28/2017,17
12/29/2017,21
12/30/2017,31
12/31/2017,19
1/1/2013,10
1/2/2013,12
1/3/2013,8
1/4/2013,15
1/5/2013,19
1/6/2013,14
1/7/2013,12
1/8/2013,16
1/9/2013,18
1/10/2013,16
1/11/2013,14
1/12/2013,10
1/13/2013,21
1/14/2013,9
1/15/2013,7
1/16/2013,8
1/17/2013,10
1/18/2013,15
1/19/2013,16
1/20/2013,19
1/21/2013,8
1/22/2013,10
1/23/2013,8
1/24/2013,12
1/25/2013,10
1/26/2013,12
1/27/2013,15
1/28/2013,10
1/29/2013,12
1/30/2013,14
1/31/2013,8
2/1/2013,19
2/2/2013,17
2/3/2013,19
2/4/2013,17
2/5/2013,11
2/6/2013,18
2/7/2013,15
2/8/2013,18
2/9/2013,17
2/10/2013,16
2/11/2013,7
2/12/2013,13
2/13/2013,16
2/14/2013,13
2/15/2013,13
2/16/2013,13
2/17/2013,16
2/18/2013,16
2/19/2013,12
2/20/2013,9
2/21/2013,10
2/22/2013,11
2/23/2013,10
2/24/2013,8
2/25/2013,16
2/26/2013,18
2/27/2013,20
2/28/2013,16
3/1/2013,14
3/2/2013,18
3/3/2013,14
3/4/2013,18
3/5/2013,13
3/6/2013,16
3/7/2013,28
3/8/2013,19
3/9/2013,19
3/10/2013,17
3/11/2013,12
3/12/2013,18
3/13/2013,15
3/14/2013,15
3/15/2013,21
3/16/2013,17
3/17/2013,17
3/18/2013,12
3/19/2013,19
3/20/2013,13
3/21/2013,20
3/22/2013,20
3/23/2013,17
3/24/2013,14
3/25/2013,19
3/26/2013,4
3/27/2013,16
3/28/2013,16
3/29/2013,18
3/30/2013,15
3/31/2013,28
4/1/2013,12
4/2/2013,23
4/3/2013,17
4/4/2013,23
4/5/2013,22
4/6/2013,20
4/7/2013,27
4/8/2013,26
4/9/2013,17
4/10/2013,23
4/11/2013,17
4/12/2013,16
4/13/2013,24
4/14/2013,22
4/15/2013,15
4/16/2013,17
4/17/2013,23
4/18/2013,19
4/19/2013,19
4/20/2013,24
4/21/2013,27
4/22/2013,10
4/23/2013,19
4/24/2013,30
4/25/2013,15
4/26/2013,26
4/27/2013,18
4/28/2013,23
4/29/2013,13
4/30/2013,20
5/1/2013,20
5/2/2013,19
5/3/2013,17
5/4/2013,29
5/5/2013,22
5/6/2013,17
5/7/2013,23
5/8/2013,16
5/9/2013,31
5/10/2013,28
5/11/2013,26
5/12/2013,19
5/13/2013,17
5/14/2013,17
5/15/2013,23
5/16/2013,17
5/17/2013,21
5/18/2013,20
5/19/2013,28
5/20/2013,18
5/21/2013,14
5/22/2013,22
5/23/2013,15
5/24/2013,31
5/25/2013,28
5/26/2013,26
5/27/2013,22
5/28/2013,20
5/29/2013,27
5/30/2013,30
5/31/2013,25
6/1/2013,25
6/2/2013,28
6/3/2013,22
6/4/2013,28
6/5/2013,23
6/6/2013,21
6/7/2013,32
6/8/2013,21
6/9/2013,18
6/10/2013,21
6/11/2013,28
6/12/2013,23
6/13/2013,22
6/14/2013,20
6/15/2013,23
6/16/2013,24
6/17/2013,26
6/18/2013,19
6/19/2013,18
6/20/2013,30
6/21/2013,30
6/22/2013,27
6/23/2013,24
6/24/2013,27
6/25/2013,14
6/26/2013,18
6/27/2013,20
6/28/2013,16
6/29/2013,34
6/30/2013,25
7/1/2013,18
7/2/2013,21
7/3/2013,25
7/4/2013,21
7/5/2013,22
7/6/2013,25
7/7/2013,25
7/8/2013,17
7/9/2013,25
7/10/2013,24
7/11/2013,20
7/12/2013,22
7/13/2013,28
7/14/2013,38
7/15/2013,27
7/16/2013,26
7/17/2013,19
7/18/2013,33
7/19/2013,28
7/20/2013,26
7/21/2013,28
7/22/2013,18
7/23/2013,20
7/24/2013,28
7/25/2013,20
7/26/2013,25
7/27/2013,29
7/28/2013,29
7/29/2013,16
7/30/2013,27
7/31/2013,21
8/1/2013,23
8/2/2013,21
8/3/2013,22
8/4/2013,26
8/5/2013,18
8/6/2013,15
8/7/2013,27
8/8/2013,23
8/9/2013,24
8/10/2013,25
8/11/2013,31
8/12/2013,16
8/13/2013,21
8/14/2013,24
8/15/2013,12
8/16/2013,26
8/17/2013,26
8/18/2013,29
8/19/2013,11
8/20/2013,17
8/21/2013,22
8/22/2013,29
8/23/2013,26
8/24/2013,20
8/25/2013,42
8/26/2013,20
8/27/2013,15
8/28/2013,11
8/29/2013,24
8/30/2013,22
8/31/2013,25
9/1/2013,28
9/2/2013,21
9/3/2013,17
9/4/2013,22
9/5/2013,20
9/6/2013,20
9/7/2013,21
9/8/2013,21
9/9/2013,22
9/10/2013,25
9/11/2013,24
9/12/2013,28
9/13/2013,22
9/14/2013,22
9/15/2013,26
9/16/2013,9
9/17/2013,19
9/18/2013,17
9/19/2013,25
9/20/2013,22
9/21/2013,22
9/22/2013,23
9/23/2013,16
9/24/2013,18
9/25/2013,12
9/26/2013,15
9/27/2013,15
9/28/2013,21
9/29/2013,19
9/30/2013,19
10/1/2013,16
10/2/2013,19
10/3/2013,23
10/4/2013,12
10/5/2013,17
10/6/2013,13
10/7/2013,8
10/8/2013,19
10/9/2013,21
10/10/2013,18
10/11/2013,22
10/12/2013,25
10/13/2013,16
10/14/2013,18
10/15/2013,23
10/16/2013,17
10/17/2013,11
10/18/2013,24
10/19/2013,22
10/20/2013,19
10/21/2013,12
10/22/2013,11
10/23/2013,21
10/24/2013,9
10/25/2013,21
10/26/2013,28
10/27/2013,20
10/28/2013,9
10/29/2013,14
10/30/2013,13
10/31/2013,16
11/1/2013,18
11/2/2013,18
11/3/2013,19
11/4/2013,21
11/5/2013,18
11/6/2013,18
11/7/2013,21
11/8/2013,28
11/9/2013,26
11/10/2013,15
11/11/2013,25
11/12/2013,14
11/13/2013,20
11/14/2013,22
11/15/2013,30
11/16/2013,16
11/17/2013,26
11/18/2013,24
11/19/2013,14
11/20/2013,22
11/21/2013,19
11/22/2013,17
11/23/2013,25
11/24/2013,22
11/25/2013,13
11/26/2013,17
11/27/2013,19
11/28/2013,23
11/29/2013,19
11/30/2013,21
12/1/2013,22
12/2/2013,13
12/3/2013,23
12/4/2013,18
12/5/2013,20
12/6/2013,16
12/7/2013,15
12/8/2013,15
12/9/2013,8
12/10/2013,11
12/11/2013,16
12/12/2013,13
12/13/2013,15
12/14/2013,15
12/15/2013,15
12/16/2013,10
12/17/2013,10
12/18/2013,13
12/19/2013,18
12/20/2013,14
12/21/2013,14
12/22/2013,17
12/23/2013,13
12/24/2013,14
12/25/2013,15
12/26/2013,15
12/27/2013,17
12/28/2013,13
12/29/2013,13
12/30/2013,7
12/31/2013,17
1/1/2014,18
1/2/2014,14
1/3/2014,23
1/4/2014,19
1/5/2014,25
1/6/2014,13
1/7/2014,12
1/8/2014,14
1/9/2014,11
1/10/2014,20
1/11/2014,13
1/12/2014,18
1/13/2014,13
1/14/2014,13
1/15/2014,10
1/16/2014,13
1/17/2014,14
1/18/2014,16
1/19/2014,16
1/20/2014,13
1/21/2014,8
1/22/2014,10
1/23/2014,14
1/24/2014,21
1/25/2014,22
1/26/2014,16
1/27/2014,12
1/28/2014,15
1/29/2014,18
1/30/2014,23
1/31/2014,16
2/1/2014,15
2/2/2014,23
2/3/2014,12
2/4/2014,19
2/5/2014,27
2/6/2014,20
2/7/2014,10
2/8/2014,19
2/9/2014,26
2/10/2014,12
2/11/2014,15
2/12/2014,14
2/13/2014,12
2/14/2014,13
2/15/2014,19
2/16/2014,20
2/17/2014,12
2/18/2014,17
2/19/2014,11
2/20/2014,18
2/21/2014,24
2/22/2014,11
2/23/2014,26
2/24/2014,15
2/25/2014,16
2/26/2014,21
2/27/2014,15
2/28/2014,18
3/1/2014,27
3/2/2014,27
3/3/2014,22
3/4/2014,15
3/5/2014,23
3/6/2014,15
3/7/2014,16
3/8/2014,19
3/9/2014,25
3/10/2014,18
3/11/2014,27
3/12/2014,22
3/13/2014,15
3/14/2014,20
3/15/2014,22
3/16/2014,27
3/17/2014,12
3/18/2014,18
3/19/2014,26
3/20/2014,14
3/21/2014,25
3/22/2014,30
3/23/2014,16
3/24/2014,13
3/25/2014,17
3/26/2014,19
3/27/2014,12
3/28/2014,23
3/29/2014,21
3/30/2014,25
3/31/2014,10
4/1/2014,23
4/2/2014,21
4/3/2014,16
4/4/2014,28
4/5/2014,28
4/6/2014,30
4/7/2014,19
4/8/2014,21
4/9/2014,22
4/10/2014,32
4/11/2014,30
4/12/2014,30
4/13/2014,30
4/14/2014,17
4/15/2014,15
4/16/2014,17
4/17/2014,19
4/18/2014,19
4/19/2014,34
4/20/2014,30
4/21/2014,17
4/22/2014,23
4/23/2014,24
4/24/2014,22
4/25/2014,20
4/26/2014,31
4/27/2014,27
4/28/2014,20
4/29/2014,21
4/30/2014,22
5/1/2014,27
5/2/2014,36
5/3/2014,27
5/4/2014,30
5/5/2014,17
5/6/2014,24
5/7/2014,24
5/8/2014,21
5/9/2014,27
5/10/2014,24
5/11/2014,26
5/12/2014,21
5/13/2014,24
5/14/2014,23
5/15/2014,24
5/16/2014,19
5/17/2014,39
5/18/2014,31
5/19/2014,22
5/20/2014,19
5/21/2014,24
5/22/2014,21
5/23/2014,28
5/24/2014,27
5/25/2014,27
5/26/2014,19
5/27/2014,24
5/28/2014,21
5/29/2014,25
5/30/2014,29
5/31/2014,22
6/1/2014,30
6/2/2014,13
6/3/2014,26
6/4/2014,38
6/5/2014,26
6/6/2014,31
6/7/2014,38
6/8/2014,31
6/9/2014,25
6/10/2014,33
6/11/2014,17
6/12/2014,27
6/13/2014,28
6/14/2014,32
6/15/2014,30
6/16/2014,19
6/17/2014,22
6/18/2014,31
6/19/2014,29
6/20/2014,30
6/21/2014,33
6/22/2014,34
6/23/2014,26
6/24/2014,28
6/25/2014,19
6/26/2014,28
6/27/2014,26
6/28/2014,38
6/29/2014,35
6/30/2014,29
7/1/2014,21
7/2/2014,31
7/3/2014,32
7/4/2014,24
7/5/2014,32
7/6/2014,36
7/7/2014,22
7/8/2014,17
7/9/2014,26
7/10/2014,25
7/11/2014,16
7/12/2014,28
7/13/2014,35
7/14/2014,21
7/15/2014,25
7/16/2014,19
7/17/2014,38
7/18/2014,29
7/19/2014,23
7/20/2014,20
7/21/2014,22
7/22/2014,32
7/23/2014,25
7/24/2014,26
7/25/2014,28
7/26/2014,28
7/27/2014,34
7/28/2014,16
7/29/2014,24
7/30/2014,28
7/31/2014,32
8/1/2014,25
8/2/2014,29
8/3/2014,28
8/4/2014,20
8/5/2014,19
8/6/2014,35
8/7/2014,26
8/8/2014,19
8/9/2014,30
8/10/2014,26
8/11/2014,20
8/12/2014,12
8/13/2014,23
8/14/2014,18
8/15/2014,27
8/16/2014,32
8/17/2014,27
8/18/2014,17
8/19/2014,17
8/20/2014,32
8/21/2014,14
8/22/2014,20
8/23/2014,19
8/24/2014,39
8/25/2014,19
8/26/2014,19
8/27/2014,27
8/28/2014,22
8/29/2014,22
8/30/2014,26
8/31/2014,28
9/1/2014,16
9/2/2014,13
9/3/2014,27
9/4/2014,27
9/5/2014,22
9/6/2014,30
9/7/2014,28
9/8/2014,19
9/9/2014,32
9/10/2014,23
9/11/2014,30
9/12/2014,20
9/13/2014,27
9/14/2014,22
9/15/2014,23
9/16/2014,27
9/17/2014,24
9/18/2014,22
9/19/2014,26
9/20/2014,32
9/21/2014,26
9/22/2014,21
9/23/2014,16
9/24/2014,13
9/25/2014,29
9/26/2014,23
9/27/2014,27
9/28/2014,32
9/29/2014,15
9/30/2014,18
10/1/2014,18
10/2/2014,26
10/3/2014,22
10/4/2014,21
10/5/2014,23
10/6/2014,10
10/7/2014,26
10/8/2014,21
10/9/2014,20
10/10/2014,21
10/11/2014,18
10/12/2014,29
10/13/2014,26
10/14/2014,26
10/15/2014,18
10/16/2014,21
10/17/2014,17
10/18/2014,26
10/19/2014,19
10/20/2014,12
10/21/2014,19
10/22/2014,24
10/23/2014,24
10/24/2014,22
10/25/2014,23
10/26/2014,22
10/27/2014,13
10/28/2014,21
10/29/2014,23
10/30/2014,16
10/31/2014,22
11/1/2014,29
11/2/2014,21
11/3/2014,30
11/4/2014,19
11/5/2014,16
11/6/2014,37
11/7/2014,28
11/8/2014,25
11/9/2014,27
11/10/2014,19
11/11/2014,19
11/12/2014,23
11/13/2014,22
11/14/2014,25
11/15/2014,22
11/16/2014,33
11/17/2014,14
11/18/2014,28
11/19/2014,18
11/20/2014,21
11/21/2014,22
11/22/2014,31
11/23/2014,21
11/24/2014,20
11/25/2014,18
11/26/2014,22
11/27/2014,25
11/28/2014,20
11/29/2014,28
11/30/2014,20
12/1/2014,14
12/2/2014,18
12/3/2014,16
12/4/2014,16
12/5/2014,27
12/6/2014,18
12/7/2014,21
12/8/2014,17
12/9/2014,11
12/10/2014,14
12/11/2014,21
12/12/2014,19
12/13/2014,17
12/14/2014,18
12/15/2014,11
12/16/2014,13
12/17/2014,18
12/18/2014,18
12/19/2014,16
12/20/2014,23
12/21/2014,17
12/22/2014,7
12/23/2014,21
12/24/2014,18
12/25/2014,18
12/26/2014,11
12/27/2014,21
12/28/2014,17
12/29/2014,12
12/30/2014,12
12/31/2014,18
1/1/2015,20
1/2/2015,17
1/3/2015,15
1/4/2015,19
1/5/2015,20
1/6/2015,11
1/7/2015,18
1/8/2015,16
1/9/2015,10
1/10/2015,15
1/11/2015,22
1/12/2015,8
1/13/2015,16
1/14/2015,14
1/15/2015,11
1/16/2015,15
1/17/2015,18
1/18/2015,18
1/19/2015,18
1/20/2015,12
1/21/2015,13
1/22/2015,14
1/23/2015,15
1/24/2015,13
1/25/2015,26
1/26/2015,12
1/27/2015,14
1/28/2015,15
1/29/2015,16
1/30/2015,15
1/31/2015,19
2/1/2015,26
2/2/2015,9
2/3/2015,27
2/4/2015,23
2/5/2015,16
2/6/2015,16
2/7/2015,20
2/8/2015,17
2/9/2015,9
2/10/2015,13
2/11/2015,14
2/12/2015,21
2/13/2015,18
2/14/2015,16
2/15/2015,21
2/16/2015,13
2/17/2015,21
2/18/2015,17
2/19/2015,25
2/20/2015,26
2/21/2015,17
2/22/2015,21
2/23/2015,12
2/24/2015,9
2/25/2015,11
2/26/2015,22
2/27/2015,20
2/28/2015,23
3/1/2015,33
3/2/2015,14
3/3/2015,14
3/4/2015,20
3/5/2015,18
3/6/2015,28
3/7/2015,24
3/8/2015,29
3/9/2015,10
3/10/2015,14
3/11/2015,24
3/12/2015,27
3/13/2015,31
3/14/2015,27
3/15/2015,29
3/16/2015,17
3/17/2015,11
3/18/2015,29
3/19/2015,23
3/20/2015,17
3/21/2015,21
3/22/2015,30
3/23/2015,17
3/24/2015,20
3/25/2015,20
3/26/2015,16
3/27/2015,21
3/28/2015,20
3/29/2015,21
3/30/2015,11
3/31/2015,17
4/1/2015,23
4/2/2015,31
4/3/2015,28
4/4/2015,33
4/5/2015,28
4/6/2015,18
4/7/2015,19
4/8/2015,23
4/9/2015,25
4/10/2015,26
4/11/2015,20
4/12/2015,38
4/13/2015,11
4/14/2015,18
4/15/2015,15
4/16/2015,23
4/17/2015,37
4/18/2015,23
4/19/2015,26
4/20/2015,14
4/21/2015,19
4/22/2015,24
4/23/2015,24
4/24/2015,32
4/25/2015,28
4/26/2015,32
4/27/2015,10
4/28/2015,18
4/29/2015,21
4/30/2015,26
5/1/2015,22
5/2/2015,37
5/3/2015,30
5/4/2015,17
5/5/2015,20
5/6/2015,27
5/7/2015,22
5/8/2015,24
5/9/2015,27
5/10/2015,24
5/11/2015,26
5/12/2015,23
5/13/2015,22
5/14/2015,38
5/15/2015,32
5/16/2015,23
5/17/2015,33
5/18/2015,26
5/19/2015,19
5/20/2015,25
5/21/2015,27
5/22/2015,22
5/23/2015,29
5/24/2015,37
5/25/2015,24
5/26/2015,26
5/27/2015,29
5/28/2015,29
5/29/2015,31
5/30/2015,29
5/31/2015,35
6/1/2015,27
6/2/2015,17
6/3/2015,26
6/4/2015,31
6/5/2015,32
6/6/2015,24
6/7/2015,30
6/8/2015,16
6/9/2015,33
6/10/2015,22
6/11/2015,27
6/12/2015,24
6/13/2015,35
6/14/2015,35
6/15/2015,17
6/16/2015,31
6/17/2015,23
6/18/2015,27
6/19/2015,28
6/20/2015,38
6/21/2015,28
6/22/2015,30
6/23/2015,31
6/24/2015,31
6/25/2015,26
6/26/2015,38
6/27/2015,31
6/28/2015,27
6/29/2015,17
6/30/2015,17
7/1/2015,26
7/2/2015,35
7/3/2015,29
7/4/2015,33
7/5/2015,28
7/6/2015,23
7/7/2015,30
7/8/2015,25
7/9/2015,26
7/10/2015,34
7/11/2015,31
7/12/2015,39
7/13/2015,17
7/14/2015,26
7/15/2015,26
7/16/2015,33
7/17/2015,29
7/18/2015,35
7/19/2015,36
7/20/2015,24
7/21/2015,18
7/22/2015,19
7/23/2015,26
7/24/2015,21
7/25/2015,33
7/26/2015,24
7/27/2015,23
7/28/2015,33
7/29/2015,22
7/30/2015,41
7/31/2015,37
8/1/2015,30
8/2/2015,29
8/3/2015,21
8/4/2015,23
8/5/2015,29
8/6/2015,37
8/7/2015,18
8/8/2015,34
8/9/2015,40
8/10/2015,27
8/11/2015,26
8/12/2015,19
8/13/2015,30
8/14/2015,36
8/15/2015,27
8/16/2015,36
8/17/2015,27
8/18/2015,35
8/19/2015,23
8/20/2015,32
8/21/2015,35
8/22/2015,33
8/23/2015,23
8/24/2015,19
8/25/2015,24
8/26/2015,13
8/27/2015,16
8/28/2015,29
8/29/2015,30
8/30/2015,37
8/31/2015,19
9/1/2015,26
9/2/2015,26
9/3/2015,21
9/4/2015,23
9/5/2015,34
9/6/2015,26
9/7/2015,20
9/8/2015,24
9/9/2015,17
9/10/2015,25
9/11/2015,25
9/12/2015,28
9/13/2015,37
9/14/2015,19
9/15/2015,27
9/16/2015,24
9/17/2015,31
9/18/2015,33
9/19/2015,23
9/20/2015,26
9/21/2015,16
9/22/2015,22
9/23/2015,21
9/24/2015,23
9/25/2015,25
9/26/2015,21
9/27/2015,31
9/28/2015,21
9/29/2015,29
9/30/2015,23
10/1/2015,28
10/2/2015,26
10/3/2015,25
10/4/2015,28
10/5/2015,14
10/6/2015,24
10/7/2015,23
10/8/2015,37
10/9/2015,17
10/10/2015,26
10/11/2015,33
10/12/2015,16
10/13/2015,27
10/14/2015,16
10/15/2015,24
10/16/2015,21
10/17/2015,21
10/18/2015,23
10/19/2015,12
10/20/2015,19
10/21/2015,22
10/22/2015,24
10/23/2015,26
10/24/2015,31
10/25/2015,32
10/26/2015,18
10/27/2015,23
10/28/2015,19
10/29/2015,26
10/30/2015,21
10/31/2015,27
11/1/2015,31
11/2/2015,20
11/3/2015,20
11/4/2015,27
11/5/2015,20
11/6/2015,28
11/7/2015,22
11/8/2015,24
11/9/2015,15
11/10/2015,19
11/11/2015,25
11/12/2015,33
11/13/2015,26
11/14/2015,28
11/15/2015,28
11/16/2015,27
11/17/2015,19
11/18/2015,28
11/19/2015,22
11/20/2015,26
11/21/2015,26
11/22/2015,40
11/23/2015,22
11/24/2015,25
11/25/2015,23
11/26/2015,23
11/27/2015,26
11/28/2015,27
11/29/2015,29
11/30/2015,14
12/1/2015,11
12/2/2015,13
12/3/2015,17
12/4/2015,7
12/5/2015,18
12/6/2015,21
12/7/2015,14
12/8/2015,13
12/9/2015,13
12/10/2015,13
12/11/2015,21
12/12/2015,17
12/13/2015,26
12/14/2015,6
12/15/2015,19
12/16/2015,13
12/17/2015,11
12/18/2015,26
12/19/2015,17
12/20/2015,7
12/21/2015,22
12/22/2015,14
12/23/2015,19
12/24/2015,14
12/25/2015,21
12/26/2015,11
12/27/2015,22
12/28/2015,10
12/29/2015,14
12/30/2015,17
12/31/2015,28
1/1/2016,17
1/2/2016,23
1/3/2016,23
1/4/2016,13
1/5/2016,18
1/6/2016,13
1/7/2016,14
1/8/2016,18
1/9/2016,10
1/10/2016,17
1/11/2016,12
1/12/2016,21
1/13/2016,11
1/14/2016,15
1/15/2016,24
1/16/2016,13
1/17/2016,14
1/18/2016,16
1/19/2016,15
1/20/2016,13
1/21/2016,13
1/22/2016,13
1/23/2016,20
1/24/2016,19
1/25/2016,18
1/26/2016,9
1/27/2016,11
1/28/2016,20
1/29/2016,18
1/30/2016,14
1/31/2016,19
2/1/2016,12
2/2/2016,17
2/3/2016,14
2/4/2016,12
2/5/2016,20
2/6/2016,17
2/7/2016,24
2/8/2016,15
2/9/2016,17
2/10/2016,19
2/11/2016,20
2/12/2016,15
2/13/2016,27
2/14/2016,21
2/15/2016,13
2/16/2016,21
2/17/2016,11
2/18/2016,15
2/19/2016,19
2/20/2016,18
2/21/2016,18
2/22/2016,11
2/23/2016,14
2/24/2016,22
2/25/2016,17
2/26/2016,19
2/27/2016,22
2/28/2016,20
2/29/2016,14
3/1/2016,30
3/2/2016,20
3/3/2016,23
3/4/2016,18
3/5/2016,19
3/6/2016,29
3/7/2016,27
3/8/2016,21
3/9/2016,21
3/10/2016,20
3/11/2016,19
3/12/2016,29
3/13/2016,23
3/14/2016,21
3/15/2016,24
3/16/2016,24
3/17/2016,20
3/18/2016,25
3/19/2016,28
3/20/2016,27
3/21/2016,17
3/22/2016,27
3/23/2016,23
3/24/2016,22
3/25/2016,18
3/26/2016,13
3/27/2016,23
3/28/2016,22
3/29/2016,26
3/30/2016,19
3/31/2016,15
4/1/2016,21
4/2/2016,18
4/3/2016,24
4/4/2016,17
4/5/2016,19
4/6/2016,22
4/7/2016,20
4/8/2016,21
4/9/2016,22
4/10/2016,31
4/11/2016,21
4/12/2016,15
4/13/2016,31
4/14/2016,28
4/15/2016,26
4/16/2016,31
4/17/2016,29
4/18/2016,23
4/19/2016,28
4/20/2016,24
4/21/2016,29
4/22/2016,32
4/23/2016,26
4/24/2016,37
4/25/2016,21
4/26/2016,30
4/27/2016,24
4/28/2016,31
4/29/2016,27
4/30/2016,20
5/1/2016,34
5/2/2016,27
5/3/2016,36
5/4/2016,28
5/5/2016,26
5/6/2016,23
5/7/2016,30
5/8/2016,31
5/9/2016,18
5/10/2016,23
5/11/2016,26
5/12/2016,23
5/13/2016,31
5/14/2016,36
5/15/2016,41
5/16/2016,20
5/17/2016,31
5/18/2016,24
5/19/2016,21
5/20/2016,35
5/21/2016,34
5/22/2016,28
5/23/2016,24
5/24/2016,26
5/25/2016,28
5/26/2016,24
5/27/2016,28
5/28/2016,20
5/29/2016,32
5/30/2016,12
5/31/2016,29
6/1/2016,22
6/2/2016,35
6/3/2016,27
6/4/2016,36
6/5/2016,36
6/6/2016,35
6/7/2016,24
6/8/2016,21
6/9/2016,21
6/10/2016,34
6/11/2016,28
6/12/2016,33
6/13/2016,24
6/14/2016,27
6/15/2016,32
6/16/2016,36
6/17/2016,32
6/18/2016,35
6/19/2016,44
6/20/2016,29
6/21/2016,21
6/22/2016,27
6/23/2016,31
6/24/2016,38
6/25/2016,38
6/26/2016,44
6/27/2016,30
6/28/2016,34
6/29/2016,29
6/30/2016,36
7/1/2016,38
7/2/2016,41
7/3/2016,43
7/4/2016,27
7/5/2016,34
7/6/2016,36
7/7/2016,27
7/8/2016,40
7/9/2016,47
7/10/2016,32
7/11/2016,29
7/12/2016,24
7/13/2016,31
7/14/2016,32
7/15/2016,33
7/16/2016,30
7/17/2016,31
7/18/2016,23
7/19/2016,35
7/20/2016,33
7/21/2016,27
7/22/2016,32
7/23/2016,27
7/24/2016,39
7/25/2016,19
7/26/2016,33
7/27/2016,35
7/28/2016,39
7/29/2016,35
7/30/2016,30
7/31/2016,54
8/1/2016,19
8/2/2016,26
8/3/2016,19
8/4/2016,33
8/5/2016,32
8/6/2016,25
8/7/2016,27
8/8/2016,32
8/9/2016,20
8/10/2016,28
8/11/2016,24
8/12/2016,29
8/13/2016,28
8/14/2016,42
8/15/2016,15
8/16/2016,31
8/17/2016,19
8/18/2016,28
8/19/2016,32
8/20/2016,25
8/21/2016,32
8/22/2016,23
8/23/2016,27
8/24/2016,28
8/25/2016,31
8/26/2016,41
8/27/2016,36
8/28/2016,41
8/29/2016,19
8/30/2016,25
8/31/2016,28
9/1/2016,30
9/2/2016,29
9/3/2016,29
9/4/2016,26
9/5/2016,17
9/6/2016,23
9/7/2016,20
9/8/2016,31
9/9/2016,29
9/10/2016,30
9/11/2016,32
9/12/2016,16
9/13/2016,24
9/14/2016,18
9/15/2016,20
9/16/2016,37
9/17/2016,30
9/18/2016,34
9/19/2016,21
9/20/2016,26
9/21/2016,19
9/22/2016,25
9/23/2016,30
9/24/2016,26
9/25/2016,34
9/26/2016,18
9/27/2016,36
9/28/2016,23
9/29/2016,25
9/30/2016,37
10/1/2016,22
10/2/2016,24
10/3/2016,20
10/4/2016,29
10/5/2016,24
10/6/2016,26
10/7/2016,25
10/8/2016,37
10/9/2016,30
10/10/2016,19
10/11/2016,32
10/12/2016,18
10/13/2016,31
10/14/2016,28
10/15/2016,30
10/16/2016,29
10/17/2016,15
10/18/2016,27
10/19/2016,16
10/20/2016,22
10/21/2016,30
10/22/2016,19
10/23/2016,25
10/24/2016,28
10/25/2016,31
10/26/2016,24
10/27/2016,16
10/28/2016,24
10/29/2016,40
10/30/2016,22
10/31/2016,17
11/1/2016,27
11/2/2016,25
11/3/2016,19
11/4/2016,34
11/5/2016,26
11/6/2016,28
11/7/2016,12
11/8/2016,18
11/9/2016,23
11/10/2016,29
11/11/2016,31
11/12/2016,21
11/13/2016,25
11/14/2016,24
11/15/2016,30
11/16/2016,25
11/17/2016,19
11/18/2016,23
11/19/2016,29
11/20/2016,22
11/21/2016,31
11/22/2016,21
11/23/2016,18
11/24/2016,24
11/25/2016,22
11/26/2016,34
11/27/2016,18
11/28/2016,23
11/29/2016,24
11/30/2016,19
12/1/2016,16
12/2/2016,18
12/3/2016,19
12/4/2016,26
12/5/2016,22
12/6/2016,13
12/7/2016,19
12/8/2016,27
12/9/2016,33
12/10/2016,15
12/11/2016,22
12/12/2016,15
12/13/2016,15
12/14/2016,15
12/15/2016,15
12/16/2016,28
12/17/2016,22
12/18/2016,24
12/19/2016,12
12/20/2016,19
12/21/2016,17
12/22/2016,19
12/23/2016,16
12/24/2016,13
12/25/2016,32
12/26/2016,21
12/27/2016,17
12/28/2016,22
12/29/2016,10
12/30/2016,21
12/31/2016,15
1/1/2017,16
1/2/2017,20
1/3/2017,19
1/4/2017,14
1/5/2017,16
1/6/2017,25
1/7/2017,29
1/8/2017,19
1/9/2017,9
1/10/2017,23
1/11/2017,20
1/12/2017,16
1/13/2017,18
1/14/2017,17
1/15/2017,21
1/16/2017,16
1/17/2017,22
1/18/2017,14
1/19/2017,21
1/20/2017,26
1/21/2017,24
1/22/2017,13
1/23/2017,16
1/24/2017,16
1/25/2017,18
1/26/2017,18
1/27/2017,22
1/28/2017,19
1/29/2017,10
1/30/2017,8
1/31/2017,16
2/1/2017,19
2/2/2017,17
2/3/2017,28
2/4/2017,15
2/5/2017,30
2/6/2017,15
2/7/2017,21
2/8/2017,20
2/9/2017,18
2/10/2017,15
2/11/2017,21
2/12/2017,24
2/13/2017,18
2/14/2017,9
2/15/2017,18
2/16/2017,20
2/17/2017,15
2/18/2017,17
2/19/2017,25
2/20/2017,10
2/21/2017,18
2/22/2017,16
2/23/2017,24
2/24/2017,16
2/25/2017,18
2/26/2017,26
2/27/2017,12
2/28/2017,13
3/1/2017,20
3/2/2017,22
3/3/2017,28
3/4/2017,20
3/5/2017,23
3/6/2017,21
3/7/2017,13
3/8/2017,28
3/9/2017,18
3/10/2017,29
3/11/2017,16
3/12/2017,27
3/13/2017,16
3/14/2017,28
3/15/2017,21
3/16/2017,22
3/17/2017,24
3/18/2017,27
3/19/2017,22
3/20/2017,19
3/21/2017,17
3/22/2017,22
3/23/2017,19
3/24/2017,36
3/25/2017,27
3/26/2017,23
3/27/2017,17
3/28/2017,23
3/29/2017,16
3/30/2017,23
3/31/2017,16
4/1/2017,32
4/2/2017,33
4/3/2017,18
4/4/2017,26
4/5/2017,26
4/6/2017,24
4/7/2017,26
4/8/2017,29
4/9/2017,31
4/10/2017,26
4/11/2017,30
4/12/2017,21
4/13/2017,22
4/14/2017,37
4/15/2017,21
4/16/2017,35
4/17/2017,22
4/18/2017,20
4/19/2017,29
4/20/2017,32
4/21/2017,39
4/22/2017,36
4/23/2017,31
4/24/2017,12
4/25/2017,25
4/26/2017,18
4/27/2017,27
4/28/2017,29
4/29/2017,33
4/30/2017,24
5/1/2017,26
5/2/2017,17
5/3/2017,29
5/4/2017,29
5/5/2017,41
5/6/2017,37
5/7/2017,26
5/8/2017,24
5/9/2017,22
5/10/2017,23
5/11/2017,26
5/12/2017,32
5/13/2017,23
5/14/2017,30
5/15/2017,26
5/16/2017,25
5/17/2017,21
5/18/2017,36
5/19/2017,34
5/20/2017,31
5/21/2017,42
5/22/2017,22
5/23/2017,21
5/24/2017,32
5/25/2017,31
5/26/2017,27
5/27/2017,42
5/28/2017,26
5/29/2017,21
5/30/2017,21
5/31/2017,27
6/1/2017,29
6/2/2017,32
6/3/2017,31
6/4/2017,31
6/5/2017,33
6/6/2017,37
6/7/2017,26
6/8/2017,15
6/9/2017,35
6/10/2017,40
6/11/2017,51
6/12/2017,36
6/13/2017,32
6/14/2017,27
6/15/2017,27
6/16/2017,29
6/17/2017,37
6/18/2017,42
6/19/2017,27
6/20/2017,28
6/21/2017,34
6/22/2017,37
6/23/2017,25
6/24/2017,38
6/25/2017,31
6/26/2017,15
6/27/2017,28
6/28/2017,36
6/29/2017,25
6/30/2017,28
7/1/2017,43
7/2/2017,46
7/3/2017,20
7/4/2017,30
7/5/2017,37
7/6/2017,36
7/7/2017,36
7/8/2017,30
7/9/2017,52
7/10/2017,32
7/11/2017,28
7/12/2017,26
7/13/2017,37
7/14/2017,47
7/15/2017,23
7/16/2017,33
7/17/2017,30
7/18/2017,28
7/19/2017,32
7/20/2017,47
7/21/2017,44
7/22/2017,42
7/23/2017,40
7/24/2017,32
7/25/2017,29
7/26/2017,31
7/27/2017,35
7/28/2017,35
7/29/2017,40
7/30/2017,43
7/31/2017,23
8/1/2017,16
8/2/2017,23
8/3/2017,27
8/4/2017,28
8/5/2017,34
8/6/2017,25
8/7/2017,28
8/8/2017,21
8/9/2017,28
8/10/2017,27
8/11/2017,30
8/12/2017,31
8/13/2017,36
8/14/2017,26
8/15/2017,23
8/16/2017,31
8/17/2017,41
8/18/2017,28
8/19/2017,33
8/20/2017,28
8/21/2017,16
8/22/2017,24
8/23/2017,24
8/24/2017,33
8/25/2017,31
8/26/2017,33
8/27/2017,24
8/28/2017,19
8/29/2017,33
8/30/2017,31
8/31/2017,23
9/1/2017,31
9/2/2017,29
9/3/2017,33
9/4/2017,22
9/5/2017,23
9/6/2017,20
9/7/2017,24
9/8/2017,25
9/9/2017,23
9/10/2017,32
9/11/2017,25
9/12/2017,33
9/13/2017,22
9/14/2017,36
9/15/2017,26
9/16/2017,32
9/17/2017,37
9/18/2017,24
9/19/2017,26
9/20/2017,30
9/21/2017,35
9/22/2017,35
9/23/2017,19
9/24/2017,27
9/25/2017,20
9/26/2017,29
9/27/2017,30
9/28/2017,28
9/29/2017,24
9/30/2017,35
10/1/2017,32
10/2/2017,23
10/3/2017,35
10/4/2017,26
10/5/2017,25
10/6/2017,36
10/7/2017,25
10/8/2017,39
10/9/2017,23
10/10/2017,17
10/11/2017,35
10/12/2017,18
10/13/2017,27
10/14/2017,30
10/15/2017,25
10/16/2017,9
10/17/2017,21
10/18/2017,32
10/19/2017,31
10/20/2017,34
10/21/2017,34
10/22/2017,27
10/23/2017,14
10/24/2017,19
10/25/2017,22
10/26/2017,17
10/27/2017,18
10/28/2017,21
10/29/2017,25
10/30/2017,17
10/31/2017,13
11/1/2017,27
11/2/2017,25
11/3/2017,30
11/4/2017,38
11/5/2017,31
11/6/2017,22
11/7/2017,20
11/8/2017,25
11/9/2017,23
11/10/2017,29
11/11/2017,34
11/12/2017,30
11/13/2017,18
11/14/2017,21
11/15/2017,16
11/16/2017,25
11/17/2017,33
11/18/2017,39
11/19/2017,29
11/20/2017,24
11/21/2017,27
11/22/2017,26
11/23/2017,26
11/24/2017,33
11/25/2017,32
11/26/2017,33
11/27/2017,17
11/28/2017,25
11/29/2017,20
11/30/2017,30
12/1/2017,17
12/2/2017,29
12/3/2017,19
12/4/2017,11
12/5/2017,12
12/6/2017,17
12/7/2017,25
12/8/2017,22
12/9/2017,24
12/10/2017,27
12/11/2017,18
12/12/2017,22
12/13/2017,12
12/14/2017,29
12/15/2017,25
12/16/2017,21
12/17/2017,18
12/18/2017,18
12/19/2017,19
12/20/2017,17
12/21/2017,17
12/22/2017,22
12/23/2017,23
12/24/2017,25
12/25/2017,16
12/26/2017,18
12/27/2017,15
12/28/2017,26
12/29/2017,28
12/30/2017,21
12/31/2017,23
1/1/2013,11
1/2/2013,9
1/3/2013,12
1/4/2013,8
1/5/2013,13
1/6/2013,15
1/7/2013,6
1/8/2013,11
1/9/2013,13
1/10/2013,9
1/11/2013,9
1/12/2013,8
1/13/2013,22
1/14/2013,8
1/15/2013,10
1/16/2013,9
1/17/2013,8
1/18/2013,9
1/19/2013,6
1/20/2013,6
1/21/2013,6
1/22/2013,8
1/23/2013,11
1/24/2013,8
1/25/2013,7
1/26/2013,7
1/27/2013,11
1/28/2013,8
1/29/2013,12
1/30/2013,8
1/31/2013,6
2/1/2013,6
2/2/2013,20
2/3/2013,13
2/4/2013,12
2/5/2013,10
2/6/2013,12
2/7/2013,13
2/8/2013,13
2/9/2013,12
2/10/2013,10
2/11/2013,10
2/12/2013,10
2/13/2013,14
2/14/2013,9
2/15/2013,9
2/16/2013,10
2/17/2013,10
2/18/2013,5
2/19/2013,4
2/20/2013,10
2/21/2013,4
2/22/2013,10
2/23/2013,11
2/24/2013,11
2/25/2013,8
2/26/2013,15
2/27/2013,7
2/28/2013,14
3/1/2013,7
3/2/2013,20
3/3/2013,11
3/4/2013,11
3/5/2013,11
3/6/2013,18
3/7/2013,12
3/8/2013,13
3/9/2013,8
3/10/2013,12
3/11/2013,11
3/12/2013,18
3/13/2013,14
3/14/2013,12
3/15/2013,12
3/16/2013,12
3/17/2013,13
3/18/2013,11
3/19/2013,14
3/20/2013,15
3/21/2013,11
3/22/2013,13
3/23/2013,15
3/24/2013,16
3/25/2013,6
3/26/2013,4
3/27/2013,8
3/28/2013,14
3/29/2013,19
3/30/2013,12
3/31/2013,23
4/1/2013,9
4/2/2013,14
4/3/2013,15
4/4/2013,13
4/5/2013,17
4/6/2013,18
4/7/2013,18
4/8/2013,14
4/9/2013,13
4/10/2013,15
4/11/2013,17
4/12/2013,14
4/13/2013,12
4/14/2013,17
4/15/2013,14
4/16/2013,10
4/17/2013,11
4/18/2013,14
4/19/2013,12
4/20/2013,15
4/21/2013,18
4/22/2013,7
4/23/2013,12
4/24/2013,8
4/25/2013,15
4/26/2013,13
4/27/2013,14
4/28/2013,15
4/29/2013,9
4/30/2013,13
5/1/2013,14
5/2/2013,13
5/3/2013,21
5/4/2013,23
5/5/2013,20
5/6/2013,18
5/7/2013,14
5/8/2013,11
5/9/2013,11
5/10/2013,18
5/11/2013,17
5/12/2013,14
5/13/2013,13
5/14/2013,16
5/15/2013,12
5/16/2013,11
5/17/2013,9
5/18/2013,18
5/19/2013,19
5/20/2013,17
5/21/2013,8
5/22/2013,14
5/23/2013,18
5/24/2013,22
5/25/2013,16
5/26/2013,25
5/27/2013,11
5/28/2013,22
5/29/2013,15
5/30/2013,20
5/31/2013,13
6/1/2013,16
6/2/2013,22
6/3/2013,12
6/4/2013,19
6/5/2013,12
6/6/2013,16
6/7/2013,16
6/8/2013,20
6/9/2013,12
6/10/2013,9
6/11/2013,16
6/12/2013,17
6/13/2013,18
6/14/2013,21
6/15/2013,13
6/16/2013,25
6/17/2013,13
6/18/2013,17
6/19/2013,12
6/20/2013,19
6/21/2013,27
6/22/2013,12
6/23/2013,20
6/24/2013,11
6/25/2013,22
6/26/2013,17
6/27/2013,23
6/28/2013,12
6/29/2013,16
6/30/2013,20
7/1/2013,24
7/2/2013,14
7/3/2013,12
7/4/2013,14
7/5/2013,16
7/6/2013,20
7/7/2013,16
7/8/2013,16
7/9/2013,15
7/10/2013,22
7/11/2013,12
7/12/2013,21
7/13/2013,20
7/14/2013,19
7/15/2013,9
7/16/2013,19
7/17/2013,20
7/18/2013,17
7/19/2013,13
7/20/2013,24
7/21/2013,21
7/22/2013,16
7/23/2013,7
7/24/2013,13
7/25/2013,25
7/26/2013,16
7/27/2013,21
7/28/2013,20
7/29/2013,20
7/30/2013,13
7/31/2013,17
8/1/2013,13
8/2/2013,19
8/3/2013,27
8/4/2013,17
8/5/2013,16
8/6/2013,19
8/7/2013,17
8/8/2013,12
8/9/2013,17
8/10/2013,19
8/11/2013,22
8/12/2013,14
8/13/2013,7
8/14/2013,12
8/15/2013,21
8/16/2013,11
8/17/2013,14
8/18/2013,19
8/19/2013,13
8/20/2013,11
8/21/2013,15
8/22/2013,9
8/23/2013,22
8/24/2013,15
8/25/2013,22
8/26/2013,16
8/27/2013,17
8/28/2013,12
8/29/2013,24
8/30/2013,19
8/31/2013,11
9/1/2013,19
9/2/2013,5
9/3/2013,16
9/4/2013,10
9/5/2013,16
9/6/2013,19
9/7/2013,16
9/8/2013,16
9/9/2013,16
9/10/2013,17
9/11/2013,13
9/12/2013,18
9/13/2013,13
9/14/2013,11
9/15/2013,27
9/16/2013,11
9/17/2013,9
9/18/2013,12
9/19/2013,15
9/20/2013,20
9/21/2013,14
9/22/2013,24
9/23/2013,13
9/24/2013,7
9/25/2013,10
9/26/2013,20
9/27/2013,12
9/28/2013,15
9/29/2013,23
9/30/2013,13
10/1/2013,13
10/2/2013,11
10/3/2013,10
10/4/2013,18
10/5/2013,29
10/6/2013,17
10/7/2013,16
10/8/2013,12
10/9/2013,18
10/10/2013,18
10/11/2013,15
10/12/2013,16
10/13/2013,16
10/14/2013,10
10/15/2013,16
10/16/2013,13
10/17/2013,19
10/18/2013,15
10/19/2013,12
10/20/2013,17
10/21/2013,5
10/22/2013,12
10/23/2013,16
10/24/2013,10
10/25/2013,16
10/26/2013,14
10/27/2013,12
10/28/2013,7
10/29/2013,10
10/30/2013,17
10/31/2013,11
11/1/2013,21
11/2/2013,24
11/3/2013,12
11/4/2013,13
11/5/2013,9
11/6/2013,14
11/7/2013,12
11/8/2013,17
11/9/2013,22
11/10/2013,16
11/11/2013,14
11/12/2013,20
11/13/2013,19
11/14/2013,12
11/15/2013,9
11/16/2013,20
11/17/2013,13
11/18/2013,7
11/19/2013,15
11/20/2013,11
11/21/2013,18
11/22/2013,18
11/23/2013,11
11/24/2013,20
11/25/2013,10
11/26/2013,13
11/27/2013,11
11/28/2013,16
11/29/2013,22
11/30/2013,14
12/1/2013,11
12/2/2013,10
12/3/2013,9
12/4/2013,10
12/5/2013,7
12/6/2013,15
12/7/2013,13
12/8/2013,10
12/9/2013,7
12/10/2013,8
12/11/2013,9
12/12/2013,7
12/13/2013,15
12/14/2013,13
12/15/2013,11
12/16/2013,8
12/17/2013,11
12/18/2013,11
12/19/2013,10
12/20/2013,6
12/21/2013,10
12/22/2013,13
12/23/2013,9
12/24/2013,9
12/25/2013,13
12/26/2013,8
12/27/2013,13
12/28/2013,16
12/29/2013,16
12/30/2013,6
12/31/2013,14
1/1/2014,5
1/2/2014,8
1/3/2014,12
1/4/2014,10
1/5/2014,9
1/6/2014,11
1/7/2014,8
1/8/2014,12
1/9/2014,6
1/10/2014,11
1/11/2014,10
1/12/2014,11
1/13/2014,3
1/14/2014,12
1/15/2014,9
1/16/2014,18
1/17/2014,9
1/18/2014,15
1/19/2014,11
1/20/2014,8
1/21/2014,11
1/22/2014,10
1/23/2014,10
1/24/2014,24
1/25/2014,14
1/26/2014,13
1/27/2014,7
1/28/2014,13
1/29/2014,9
1/30/2014,15
1/31/2014,13
2/1/2014,9
2/2/2014,13
2/3/2014,12
2/4/2014,8
2/5/2014,17
2/6/2014,11
2/7/2014,11
2/8/2014,8
2/9/2014,14
2/10/2014,8
2/11/2014,10
2/12/2014,5
2/13/2014,10
2/14/2014,13
2/15/2014,17
2/16/2014,18
2/17/2014,6
2/18/2014,7
2/19/2014,12
2/20/2014,14
2/21/2014,16
2/22/2014,9
2/23/2014,15
2/24/2014,12
2/25/2014,9
2/26/2014,17
2/27/2014,8
2/28/2014,16
3/1/2014,17
3/2/2014,13
3/3/2014,11
3/4/2014,11
3/5/2014,22
3/6/2014,12
3/7/2014,15
3/8/2014,14
3/9/2014,17
3/10/2014,12
3/11/2014,17
3/12/2014,11
3/13/2014,13
3/14/2014,13
3/15/2014,19
3/16/2014,18
3/17/2014,15
3/18/2014,9
3/19/2014,11
3/20/2014,5
3/21/2014,13
3/22/2014,14
3/23/2014,16
3/24/2014,12
3/25/2014,15
3/26/2014,14
3/27/2014,9
3/28/2014,13
3/29/2014,15
3/30/2014,18
3/31/2014,14
4/1/2014,22
4/2/2014,11
4/3/2014,12
4/4/2014,18
4/5/2014,26
4/6/2014,21
4/7/2014,9
4/8/2014,20
4/9/2014,15
4/10/2014,15
4/11/2014,11
4/12/2014,16
4/13/2014,24
4/14/2014,16
4/15/2014,13
4/16/2014,10
4/17/2014,21
4/18/2014,25
4/19/2014,16
4/20/2014,14
4/21/2014,15
4/22/2014,13
4/23/2014,20
4/24/2014,14
4/25/2014,20
4/26/2014,26
4/27/2014,27
4/28/2014,9
4/29/2014,25
4/30/2014,15
5/1/2014,17
5/2/2014,18
5/3/2014,18
5/4/2014,32
5/5/2014,16
5/6/2014,16
5/7/2014,13
5/8/2014,20
5/9/2014,16
5/10/2014,24
5/11/2014,19
5/12/2014,13
5/13/2014,16
5/14/2014,9
5/15/2014,29
5/16/2014,25
5/17/2014,16
5/18/2014,13
5/19/2014,12
5/20/2014,23
5/21/2014,15
5/22/2014,13
5/23/2014,19
5/24/2014,21
5/25/2014,21
5/26/2014,13
5/27/2014,16
5/28/2014,15
5/29/2014,15
5/30/2014,21
5/31/2014,25
6/1/2014,35
6/2/2014,15
6/3/2014,19
6/4/2014,10
6/5/2014,21
6/6/2014,23
6/7/2014,20
6/8/2014,20
6/9/2014,27
6/10/2014,25
6/11/2014,22
6/12/2014,21
6/13/2014,15
6/14/2014,23
6/15/2014,22
6/16/2014,13
6/17/2014,16
6/18/2014,19
6/19/2014,20
6/20/2014,21
6/21/2014,20
6/22/2014,21
6/23/2014,16
6/24/2014,16
6/25/2014,22
6/26/2014,26
6/27/2014,27
6/28/2014,19
6/29/2014,30
6/30/2014,11
7/1/2014,19
7/2/2014,9
7/3/2014,14
7/4/2014,27
7/5/2014,19
7/6/2014,29
7/7/2014,18
7/8/2014,17
7/9/2014,14
7/10/2014,26
7/11/2014,15
7/12/2014,25
7/13/2014,25
7/14/2014,13
7/15/2014,18
7/16/2014,16
7/17/2014,22
7/18/2014,28
7/19/2014,25
7/20/2014,26
7/21/2014,18
7/22/2014,28
7/23/2014,16
7/24/2014,15
7/25/2014,29
7/26/2014,14
7/27/2014,18
7/28/2014,20
7/29/2014,15
7/30/2014,18
7/31/2014,27
8/1/2014,18
8/2/2014,21
8/3/2014,25
8/4/2014,11
8/5/2014,12
8/6/2014,18
8/7/2014,21
8/8/2014,10
8/9/2014,17
8/10/2014,18
8/11/2014,11
8/12/2014,15
8/13/2014,22
8/14/2014,22
8/15/2014,26
8/16/2014,9
8/17/2014,17
8/18/2014,14
8/19/2014,8
8/20/2014,15
8/21/2014,8
8/22/2014,18
8/23/2014,23
8/24/2014,16
8/25/2014,13
8/26/2014,13
8/27/2014,18
8/28/2014,13
8/29/2014,17
8/30/2014,24
8/31/2014,16
9/1/2014,11
9/2/2014,16
9/3/2014,18
9/4/2014,17
9/5/2014,20
9/6/2014,23
9/7/2014,21
9/8/2014,9
9/9/2014,16
9/10/2014,18
9/11/2014,11
9/12/2014,17
9/13/2014,12
9/14/2014,17
9/15/2014,20
9/16/2014,14
9/17/2014,25
9/18/2014,18
9/19/2014,14
9/20/2014,20
9/21/2014,15
9/22/2014,11
9/23/2014,8
9/24/2014,15
9/25/2014,13
9/26/2014,22
9/27/2014,23
9/28/2014,18
9/29/2014,13
9/30/2014,21
10/1/2014,15
10/2/2014,16
10/3/2014,16
10/4/2014,19
10/5/2014,13
10/6/2014,13
10/7/2014,17
10/8/2014,15
10/9/2014,14
10/10/2014,16
10/11/2014,22
10/12/2014,23
10/13/2014,17
10/14/2014,12
10/15/2014,10
10/16/2014,17
10/17/2014,14
10/18/2014,20
10/19/2014,16
10/20/2014,8
10/21/2014,6
10/22/2014,9
10/23/2014,22
10/24/2014,20
10/25/2014,14
10/26/2014,30
10/27/2014,12
10/28/2014,18
10/29/2014,10
10/30/2014,22
10/31/2014,17
11/1/2014,16
11/2/2014,16
11/3/2014,11
11/4/2014,15
11/5/2014,18
11/6/2014,23
11/7/2014,14
11/8/2014,20
11/9/2014,15
11/10/2014,11
11/11/2014,28
11/12/2014,17
11/13/2014,12
11/14/2014,12
11/15/2014,18
11/16/2014,17
11/17/2014,13
11/18/2014,13
11/19/2014,21
11/20/2014,20
11/21/2014,23
11/22/2014,16
11/23/2014,13
11/24/2014,11
11/25/2014,21
11/26/2014,13
11/27/2014,18
11/28/2014,21
11/29/2014,17
11/30/2014,16
12/1/2014,5
12/2/2014,19
12/3/2014,15
12/4/2014,13
12/5/2014,12
12/6/2014,18
12/7/2014,15
12/8/2014,10
12/9/2014,13
12/10/2014,8
12/11/2014,10
12/12/2014,13
12/13/2014,10
12/14/2014,19
12/15/2014,13
12/16/2014,12
12/17/2014,8
12/18/2014,14
12/19/2014,11
12/20/2014,10
12/21/2014,20
12/22/2014,8
12/23/2014,14
12/24/2014,14
12/25/2014,10
12/26/2014,7
12/27/2014,21
12/28/2014,10
12/29/2014,12
12/30/2014,11
12/31/2014,8
1/1/2015,9
1/2/2015,15
1/3/2015,11
1/4/2015,19
1/5/2015,8
1/6/2015,12
1/7/2015,8
1/8/2015,6
1/9/2015,19
1/10/2015,12
1/11/2015,18
1/12/2015,11
1/13/2015,11
1/14/2015,11
1/15/2015,13
1/16/2015,11
1/17/2015,19
1/18/2015,12
1/19/2015,6
1/20/2015,4
1/21/2015,12
1/22/2015,13
1/23/2015,13
1/24/2015,14
1/25/2015,14
1/26/2015,10
1/27/2015,9
1/28/2015,12
1/29/2015,11
1/30/2015,13
1/31/2015,11
2/1/2015,17
2/2/2015,14
2/3/2015,9
2/4/2015,6
2/5/2015,13
2/6/2015,11
2/7/2015,14
2/8/2015,15
2/9/2015,12
2/10/2015,7
2/11/2015,7
2/12/2015,15
2/13/2015,13
2/14/2015,17
2/15/2015,20
2/16/2015,10
2/17/2015,15
2/18/2015,13
2/19/2015,10
2/20/2015,14
2/21/2015,16
2/22/2015,14
2/23/2015,12
2/24/2015,12
2/25/2015,15
2/26/2015,15
2/27/2015,13
2/28/2015,16
3/1/2015,19
3/2/2015,13
3/3/2015,12
3/4/2015,18
3/5/2015,15
3/6/2015,15
3/7/2015,20
3/8/2015,25
3/9/2015,17
3/10/2015,18
3/11/2015,17
3/12/2015,15
3/13/2015,17
3/14/2015,14
3/15/2015,16
3/16/2015,10
3/17/2015,12
3/18/2015,16
3/19/2015,15
3/20/2015,16
3/21/2015,14
3/22/2015,15
3/23/2015,4
3/24/2015,15
3/25/2015,7
3/26/2015,15
3/27/2015,12
3/28/2015,21
3/29/2015,12
3/30/2015,12
3/31/2015,13
4/1/2015,13
4/2/2015,15
4/3/2015,17
4/4/2015,16
4/5/2015,19
4/6/2015,14
4/7/2015,15
4/8/2015,16
4/9/2015,18
4/10/2015,17
4/11/2015,30
4/12/2015,26
4/13/2015,13
4/14/2015,16
4/15/2015,12
4/16/2015,14
4/17/2015,27
4/18/2015,16
4/19/2015,19
4/20/2015,14
4/21/2015,21
4/22/2015,25
4/23/2015,26
4/24/2015,22
4/25/2015,16
4/26/2015,19
4/27/2015,14
4/28/2015,14
4/29/2015,16
4/30/2015,16
5/1/2015,16
5/2/2015,24
5/3/2015,14
5/4/2015,13
5/5/2015,16
5/6/2015,19
5/7/2015,21
5/8/2015,15
5/9/2015,22
5/10/2015,35
5/11/2015,18
5/12/2015,23
5/13/2015,19
5/14/2015,13
5/15/2015,15
5/16/2015,23
5/17/2015,19
5/18/2015,15
5/19/2015,14
5/20/2015,21
5/21/2015,16
5/22/2015,29
5/23/2015,25
5/24/2015,19
5/25/2015,11
5/26/2015,17
5/27/2015,17
5/28/2015,12
5/29/2015,19
5/30/2015,33
5/31/2015,22
6/1/2015,18
6/2/2015,18
6/3/2015,30
6/4/2015,24
6/5/2015,24
6/6/2015,19
6/7/2015,22
6/8/2015,21
6/9/2015,24
6/10/2015,28
6/11/2015,26
6/12/2015,13
6/13/2015,16
6/14/2015,29
6/15/2015,18
6/16/2015,15
6/17/2015,15
6/18/2015,15
6/19/2015,21
6/20/2015,24
6/21/2015,31
6/22/2015,14
6/23/2015,18
6/24/2015,11
6/25/2015,28
6/26/2015,22
6/27/2015,26
6/28/2015,22
6/29/2015,21
6/30/2015,29
7/1/2015,19
7/2/2015,19
7/3/2015,20
7/4/2015,18
7/5/2015,22
7/6/2015,13
7/7/2015,18
7/8/2015,14
7/9/2015,23
7/10/2015,26
7/11/2015,23
7/12/2015,34
7/13/2015,12
7/14/2015,21
7/15/2015,19
7/16/2015,16
7/17/2015,22
7/18/2015,21
7/19/2015,36
7/20/2015,15
7/21/2015,26
7/22/2015,14
7/23/2015,24
7/24/2015,21
7/25/2015,22
7/26/2015,29
7/27/2015,18
7/28/2015,21
7/29/2015,27
7/30/2015,22
7/31/2015,19
8/1/2015,18
8/2/2015,17
8/3/2015,13
8/4/2015,15
8/5/2015,24
8/6/2015,19
8/7/2015,20
8/8/2015,21
8/9/2015,31
8/10/2015,13
8/11/2015,17
8/12/2015,10
8/13/2015,17
8/14/2015,16
8/15/2015,20
8/16/2015,29
8/17/2015,18
8/18/2015,16
8/19/2015,27
8/20/2015,22
8/21/2015,24
8/22/2015,20
8/23/2015,31
8/24/2015,11
8/25/2015,18
8/26/2015,15
8/27/2015,18
8/28/2015,19
8/29/2015,21
8/30/2015,26
8/31/2015,11
9/1/2015,20
9/2/2015,20
9/3/2015,21
9/4/2015,21
9/5/2015,22
9/6/2015,19
9/7/2015,15
9/8/2015,16
9/9/2015,14
9/10/2015,18
9/11/2015,15
9/12/2015,26
9/13/2015,27
9/14/2015,12
9/15/2015,14
9/16/2015,20
9/17/2015,17
9/18/2015,24
9/19/2015,24
9/20/2015,19
9/21/2015,16
9/22/2015,14
9/23/2015,18
9/24/2015,15
9/25/2015,12
9/26/2015,16
9/27/2015,19
9/28/2015,16
9/29/2015,18
9/30/2015,15
10/1/2015,20
10/2/2015,15
10/3/2015,15
10/4/2015,21
10/5/2015,8
10/6/2015,14
10/7/2015,15
10/8/2015,15
10/9/2015,19
10/10/2015,17
10/11/2015,16
10/12/2015,11
10/13/2015,11
10/14/2015,12
10/15/2015,9
10/16/2015,17
10/17/2015,19
10/18/2015,30
10/19/2015,9
10/20/2015,8
10/21/2015,15
10/22/2015,24
10/23/2015,14
10/24/2015,13
10/25/2015,22
10/26/2015,17
10/27/2015,14
10/28/2015,16
10/29/2015,11
10/30/2015,13
10/31/2015,24
11/1/2015,17
11/2/2015,9
11/3/2015,12
11/4/2015,15
11/5/2015,14
11/6/2015,19
11/7/2015,21
11/8/2015,23
11/9/2015,11
11/10/2015,15
11/11/2015,17
11/12/2015,26
11/13/2015,18
11/14/2015,18
11/15/2015,18
11/16/2015,15
11/17/2015,28
11/18/2015,17
11/19/2015,19
11/20/2015,23
11/21/2015,21
11/22/2015,23
11/23/2015,17
11/24/2015,15
11/25/2015,19
11/26/2015,10
11/27/2015,19
11/28/2015,17
11/29/2015,29
11/30/2015,12
12/1/2015,12
12/2/2015,20
12/3/2015,12
12/4/2015,17
12/5/2015,7
12/6/2015,10
12/7/2015,15
12/8/2015,15
12/9/2015,9
12/10/2015,15
12/11/2015,21
12/12/2015,13
12/13/2015,13
12/14/2015,10
12/15/2015,8
12/16/2015,8
12/17/2015,13
12/18/2015,18
12/19/2015,14
12/20/2015,14
12/21/2015,17
12/22/2015,9
12/23/2015,19
12/24/2015,12
12/25/2015,11
12/26/2015,15
12/27/2015,13
12/28/2015,13
12/29/2015,15
12/30/2015,8
12/31/2015,15
1/1/2016,10
1/2/2016,13
1/3/2016,12
1/4/2016,6
1/5/2016,12
1/6/2016,16
1/7/2016,10
1/8/2016,15
1/9/2016,18
1/10/2016,16
1/11/2016,7
1/12/2016,8
1/13/2016,9
1/14/2016,12
1/15/2016,15
1/16/2016,19
1/17/2016,13
1/18/2016,7
1/19/2016,12
1/20/2016,14
1/21/2016,15
1/22/2016,16
1/23/2016,16
1/24/2016,15
1/25/2016,15
1/26/2016,10
1/27/2016,7
1/28/2016,14
1/29/2016,14
1/30/2016,15
1/31/2016,9
2/1/2016,14
2/2/2016,15
2/3/2016,9
2/4/2016,11
2/5/2016,18
2/6/2016,16
2/7/2016,19
2/8/2016,12
2/9/2016,9
2/10/2016,16
2/11/2016,12
2/12/2016,13
2/13/2016,10
2/14/2016,18
2/15/2016,18
2/16/2016,13
2/17/2016,17
2/18/2016,16
2/19/2016,16
2/20/2016,13
2/21/2016,10
2/22/2016,11
2/23/2016,10
2/24/2016,19
2/25/2016,13
2/26/2016,13
2/27/2016,17
2/28/2016,14
2/29/2016,8
3/1/2016,17
3/2/2016,12
3/3/2016,18
3/4/2016,17
3/5/2016,18
3/6/2016,20
3/7/2016,20
3/8/2016,16
3/9/2016,13
3/10/2016,15
3/11/2016,18
3/12/2016,22
3/13/2016,19
3/14/2016,14
3/15/2016,8
3/16/2016,12
3/17/2016,12
3/18/2016,11
3/19/2016,14
3/20/2016,15
3/21/2016,10
3/22/2016,19
3/23/2016,10
3/24/2016,9
3/25/2016,15
3/26/2016,14
3/27/2016,24
3/28/2016,8
3/29/2016,16
3/30/2016,12
3/31/2016,12
4/1/2016,18
4/2/2016,22
4/3/2016,24
4/4/2016,12
4/5/2016,16
4/6/2016,15
4/7/2016,15
4/8/2016,20
4/9/2016,21
4/10/2016,29
4/11/2016,12
4/12/2016,34
4/13/2016,12
4/14/2016,20
4/15/2016,15
4/16/2016,23
4/17/2016,22
4/18/2016,20
4/19/2016,14
4/20/2016,25
4/21/2016,16
4/22/2016,17
4/23/2016,23
4/24/2016,24
4/25/2016,10
4/26/2016,18
4/27/2016,22
4/28/2016,17
4/29/2016,26
4/30/2016,20
5/1/2016,21
5/2/2016,13
5/3/2016,16
5/4/2016,18
5/5/2016,18
5/6/2016,18
5/7/2016,19
5/8/2016,20
5/9/2016,20
5/10/2016,16
5/11/2016,15
5/12/2016,32
5/13/2016,27
5/14/2016,26
5/15/2016,26
5/16/2016,23
5/17/2016,18
5/18/2016,18
5/19/2016,21
5/20/2016,21
5/21/2016,14
5/22/2016,26
5/23/2016,21
5/24/2016,23
5/25/2016,15
5/26/2016,19
5/27/2016,32
5/28/2016,30
5/29/2016,25
5/30/2016,14
5/31/2016,24
6/1/2016,24
6/2/2016,15
6/3/2016,24
6/4/2016,22
6/5/2016,27
6/6/2016,21
6/7/2016,12
6/8/2016,18
6/9/2016,19
6/10/2016,27
6/11/2016,21
6/12/2016,19
6/13/2016,22
6/14/2016,27
6/15/2016,15
6/16/2016,16
6/17/2016,30
6/18/2016,27
6/19/2016,24
6/20/2016,23
6/21/2016,40
6/22/2016,27
6/23/2016,15
6/24/2016,29
6/25/2016,27
6/26/2016,25
6/27/2016,14
6/28/2016,16
6/29/2016,28
6/30/2016,26
7/1/2016,20
7/2/2016,18
7/3/2016,27
7/4/2016,14
7/5/2016,28
7/6/2016,18
7/7/2016,29
7/8/2016,28
7/9/2016,28
7/10/2016,23
7/11/2016,18
7/12/2016,22
7/13/2016,18
7/14/2016,21
7/15/2016,28
7/16/2016,35
7/17/2016,25
7/18/2016,20
7/19/2016,30
7/20/2016,18
7/21/2016,18
7/22/2016,15
7/23/2016,19
7/24/2016,29
7/25/2016,16
7/26/2016,18
7/27/2016,19
7/28/2016,21
7/29/2016,35
7/30/2016,30
7/31/2016,39
8/1/2016,19
8/2/2016,27
8/3/2016,19
8/4/2016,30
8/5/2016,12
8/6/2016,21
8/7/2016,23
8/8/2016,16
8/9/2016,19
8/10/2016,23
8/11/2016,20
8/12/2016,19
8/13/2016,19
8/14/2016,20
8/15/2016,14
8/16/2016,10
8/17/2016,9
8/18/2016,15
8/19/2016,16
8/20/2016,28
8/21/2016,16
8/22/2016,11
8/23/2016,13
8/24/2016,23
8/25/2016,28
8/26/2016,17
8/27/2016,22
8/28/2016,19
8/29/2016,17
8/30/2016,20
8/31/2016,29
9/1/2016,17
9/2/2016,12
9/3/2016,29
9/4/2016,18
9/5/2016,15
9/6/2016,15
9/7/2016,12
9/8/2016,13
9/9/2016,20
9/10/2016,18
9/11/2016,26
9/12/2016,24
9/13/2016,24
9/14/2016,18
9/15/2016,13
9/16/2016,16
9/17/2016,17
9/18/2016,24
9/19/2016,17
9/20/2016,19
9/21/2016,22
9/22/2016,19
9/23/2016,19
9/24/2016,19
9/25/2016,18
9/26/2016,19
9/27/2016,23
9/28/2016,15
9/29/2016,22
9/30/2016,24
10/1/2016,13
10/2/2016,12
10/3/2016,19
10/4/2016,17
10/5/2016,17
10/6/2016,23
10/7/2016,19
10/8/2016,14
10/9/2016,20
10/10/2016,14
10/11/2016,17
10/12/2016,17
10/13/2016,21
10/14/2016,14
10/15/2016,12
10/16/2016,16
10/17/2016,7
10/18/2016,16
10/19/2016,12
10/20/2016,20
10/21/2016,24
10/22/2016,25
10/23/2016,18
10/24/2016,13
10/25/2016,11
10/26/2016,15
10/27/2016,22
10/28/2016,21
10/29/2016,23
10/30/2016,30
10/31/2016,18
11/1/2016,13
11/2/2016,23
11/3/2016,19
11/4/2016,27
11/5/2016,25
11/6/2016,31
11/7/2016,18
11/8/2016,13
11/9/2016,15
11/10/2016,18
11/11/2016,10
11/12/2016,17
11/13/2016,28
11/14/2016,13
11/15/2016,21
11/16/2016,17
11/17/2016,20
11/18/2016,20
11/19/2016,25
11/20/2016,21
11/21/2016,19
11/22/2016,19
11/23/2016,14
11/24/2016,16
11/25/2016,16
11/26/2016,20
11/27/2016,16
11/28/2016,22
11/29/2016,15
11/30/2016,18
12/1/2016,6
12/2/2016,19
12/3/2016,15
12/4/2016,14
12/5/2016,21
12/6/2016,13
12/7/2016,17
12/8/2016,9
12/9/2016,17
12/10/2016,7
12/11/2016,14
12/12/2016,4
12/13/2016,13
12/14/2016,16
12/15/2016,17
12/16/2016,17
12/17/2016,21
12/18/2016,15
12/19/2016,10
12/20/2016,13
12/21/2016,14
12/22/2016,7
12/23/2016,16
12/24/2016,16
12/25/2016,15
12/26/2016,10
12/27/2016,9
12/28/2016,6
12/29/2016,23
12/30/2016,16
12/31/2016,12
1/1/2017,11
1/2/2017,5
1/3/2017,10
1/4/2017,12
1/5/2017,12
1/6/2017,11
1/7/2017,16
1/8/2017,12
1/9/2017,15
1/10/2017,18
1/11/2017,10
1/12/2017,13
1/13/2017,14
1/14/2017,10
1/15/2017,12
1/16/2017,10
1/17/2017,12
1/18/2017,19
1/19/2017,16
1/20/2017,12
1/21/2017,11
1/22/2017,11
1/23/2017,10
1/24/2017,10
1/25/2017,9
1/26/2017,12
1/27/2017,12
1/28/2017,15
1/29/2017,17
1/30/2017,11
1/31/2017,7
2/1/2017,14
2/2/2017,18
2/3/2017,18
2/4/2017,11
2/5/2017,15
2/6/2017,13
2/7/2017,12
2/8/2017,8
2/9/2017,13
2/10/2017,17
2/11/2017,20
2/12/2017,26
2/13/2017,10
2/14/2017,10
2/15/2017,16
2/16/2017,10
2/17/2017,16
2/18/2017,20
2/19/2017,20
2/20/2017,14
2/21/2017,12
2/22/2017,16
2/23/2017,12
2/24/2017,19
2/25/2017,28
2/26/2017,17
2/27/2017,11
2/28/2017,15
3/1/2017,26
3/2/2017,14
3/3/2017,21
3/4/2017,18
3/5/2017,16
3/6/2017,14
3/7/2017,13
3/8/2017,10
3/9/2017,13
3/10/2017,11
3/11/2017,20
3/12/2017,21
3/13/2017,15
3/14/2017,15
3/15/2017,20
3/16/2017,24
3/17/2017,26
3/18/2017,17
3/19/2017,20
3/20/2017,13
3/21/2017,14
3/22/2017,24
3/23/2017,10
3/24/2017,14
3/25/2017,10
3/26/2017,23
3/27/2017,12
3/28/2017,19
3/29/2017,16
3/30/2017,15
3/31/2017,20
4/1/2017,22
4/2/2017,21
4/3/2017,14
4/4/2017,11
4/5/2017,19
4/6/2017,24
4/7/2017,19
4/8/2017,23
4/9/2017,27
4/10/2017,17
4/11/2017,22
4/12/2017,10
4/13/2017,23
4/14/2017,15
4/15/2017,26
4/16/2017,24
4/17/2017,11
4/18/2017,17
4/19/2017,24
4/20/2017,23
4/21/2017,18
4/22/2017,25
4/23/2017,22
4/24/2017,28
4/25/2017,10
4/26/2017,21
4/27/2017,21
4/28/2017,18
4/29/2017,21
4/30/2017,18
5/1/2017,19
5/2/2017,21
5/3/2017,22
5/4/2017,26
5/5/2017,23
5/6/2017,14
5/7/2017,31
5/8/2017,16
5/9/2017,11
5/10/2017,17
5/11/2017,16
5/12/2017,18
5/13/2017,23
5/14/2017,22
5/15/2017,15
5/16/2017,22
5/17/2017,18
5/18/2017,21
5/19/2017,28
5/20/2017,21
5/21/2017,28
5/22/2017,13
5/23/2017,36
5/24/2017,23
5/25/2017,17
5/26/2017,22
5/27/2017,20
5/28/2017,25
5/29/2017,19
5/30/2017,23
5/31/2017,16
6/1/2017,21
6/2/2017,15
6/3/2017,29
6/4/2017,23
6/5/2017,10
6/6/2017,28
6/7/2017,23
6/8/2017,17
6/9/2017,22
6/10/2017,38
6/11/2017,25
6/12/2017,17
6/13/2017,24
6/14/2017,23
6/15/2017,33
6/16/2017,23
6/17/2017,31
6/18/2017,27
6/19/2017,23
6/20/2017,22
6/21/2017,12
6/22/2017,20
6/23/2017,23
6/24/2017,27
6/25/2017,22
6/26/2017,23
6/27/2017,12
6/28/2017,27
6/29/2017,26
6/30/2017,25
7/1/2017,34
7/2/2017,29
7/3/2017,22
7/4/2017,27
7/5/2017,25
7/6/2017,19
7/7/2017,17
7/8/2017,22
7/9/2017,26
7/10/2017,22
7/11/2017,21
7/12/2017,25
7/13/2017,17
7/14/2017,23
7/15/2017,30
7/16/2017,24
7/17/2017,16
7/18/2017,25
7/19/2017,21
7/20/2017,29
7/21/2017,22
7/22/2017,24
7/23/2017,27
7/24/2017,23
7/25/2017,24
7/26/2017,21
7/27/2017,24
7/28/2017,26
7/29/2017,18
7/30/2017,27
7/31/2017,21
8/1/2017,26
8/2/2017,14
8/3/2017,22
8/4/2017,16
8/5/2017,23
8/6/2017,30
8/7/2017,11
8/8/2017,27
8/9/2017,20
8/10/2017,19
8/11/2017,25
8/12/2017,25
8/13/2017,20
8/14/2017,14
8/15/2017,16
8/16/2017,18
8/17/2017,19
8/18/2017,18
8/19/2017,28
8/20/2017,25
8/21/2017,9
8/22/2017,25
8/23/2017,28
8/24/2017,21
8/25/2017,21
8/26/2017,27
8/27/2017,25
8/28/2017,23
8/29/2017,20
8/30/2017,21
8/31/2017,17
9/1/2017,17
9/2/2017,27
9/3/2017,24
9/4/2017,25
9/5/2017,10
9/6/2017,22
9/7/2017,23
9/8/2017,32
9/9/2017,18
9/10/2017,22
9/11/2017,11
9/12/2017,24
9/13/2017,15
9/14/2017,24
9/15/2017,16
9/16/2017,25
9/17/2017,18
9/18/2017,17
9/19/2017,26
9/20/2017,20
9/21/2017,22
9/22/2017,14
9/23/2017,22
9/24/2017,25
9/25/2017,20
9/26/2017,16
9/27/2017,19
9/28/2017,18
9/29/2017,21
9/30/2017,17
10/1/2017,17
10/2/2017,23
10/3/2017,18
10/4/2017,20
10/5/2017,26
10/6/2017,16
10/7/2017,19
10/8/2017,30
10/9/2017,20
10/10/2017,14
10/11/2017,17
10/12/2017,25
10/13/2017,19
10/14/2017,19
10/15/2017,25
10/16/2017,15
10/17/2017,22
10/18/2017,16
10/19/2017,19
10/20/2017,19
10/21/2017,21
10/22/2017,29
10/23/2017,14
10/24/2017,8
10/25/2017,20
10/26/2017,17
10/27/2017,18
10/28/2017,27
10/29/2017,24
10/30/2017,16
10/31/2017,15
11/1/2017,19
11/2/2017,17
11/3/2017,18
11/4/2017,19
11/5/2017,25
11/6/2017,20
11/7/2017,23
11/8/2017,19
11/9/2017,21
11/10/2017,14
11/11/2017,16
11/12/2017,21
11/13/2017,24
11/14/2017,10
11/15/2017,12
11/16/2017,26
11/17/2017,25
11/18/2017,24
11/19/2017,22
11/20/2017,13
11/21/2017,19
11/22/2017,18
11/23/2017,23
11/24/2017,24
11/25/2017,23
11/26/2017,19
11/27/2017,13
11/28/2017,16
11/29/2017,23
11/30/2017,27
12/1/2017,9
12/2/2017,20
12/3/2017,14
12/4/2017,9
12/5/2017,9
12/6/2017,18
12/7/2017,13
12/8/2017,15
12/9/2017,24
12/10/2017,12
12/11/2017,10
12/12/2017,16
12/13/2017,17
12/14/2017,17
12/15/2017,18
12/16/2017,18
12/17/2017,11
12/18/2017,4
12/19/2017,16
12/20/2017,13
12/21/2017,10
12/22/2017,14
12/23/2017,22
12/24/2017,14
12/25/2017,17
12/26/2017,12
12/27/2017,15
12/28/2017,13
12/29/2017,18
12/30/2017,19
12/31/2017,24
1/1/2013,20
1/2/2013,6
1/3/2013,11
1/4/2013,7
1/5/2013,12
1/6/2013,9
1/7/2013,11
1/8/2013,9
1/9/2013,13
1/10/2013,9
1/11/2013,11
1/12/2013,13
1/13/2013,12
1/14/2013,6
1/15/2013,11
1/16/2013,8
1/17/2013,6
1/18/2013,15
1/19/2013,9
1/20/2013,7
1/21/2013,7
1/22/2013,3
1/23/2013,6
1/24/2013,7
1/25/2013,9
1/26/2013,7
1/27/2013,11
1/28/2013,9
1/29/2013,6
1/30/2013,6
1/31/2013,11
2/1/2013,14
2/2/2013,8
2/3/2013,12
2/4/2013,7
2/5/2013,9
2/6/2013,7
2/7/2013,8
2/8/2013,14
2/9/2013,12
2/10/2013,12
2/11/2013,9
2/12/2013,6
2/13/2013,12
2/14/2013,16
2/15/2013,6
2/16/2013,10
2/17/2013,19
2/18/2013,2
2/19/2013,8
2/20/2013,10
2/21/2013,17
2/22/2013,14
2/23/2013,16
2/24/2013,20
2/25/2013,10
2/26/2013,6
2/27/2013,7
2/28/2013,15
3/1/2013,14
3/2/2013,18
3/3/2013,18
3/4/2013,12
3/5/2013,11
3/6/2013,17
3/7/2013,7
3/8/2013,9
3/9/2013,19
3/10/2013,16
3/11/2013,9
3/12/2013,13
3/13/2013,10
3/14/2013,14
3/15/2013,11
3/16/2013,16
3/17/2013,23
3/18/2013,8
3/19/2013,8
3/20/2013,14
3/21/2013,19
3/22/2013,8
3/23/2013,9
3/24/2013,13
3/25/2013,11
3/26/2013,9
3/27/2013,12
3/28/2013,15
3/29/2013,11
3/30/2013,10
3/31/2013,11
4/1/2013,12
4/2/2013,12
4/3/2013,15
4/4/2013,22
4/5/2013,12
4/6/2013,20
4/7/2013,21
4/8/2013,10
4/9/2013,10
4/10/2013,12
4/11/2013,12
4/12/2013,19
4/13/2013,14
4/14/2013,21
4/15/2013,14
4/16/2013,6
4/17/2013,7
4/18/2013,15
4/19/2013,13
4/20/2013,12
4/21/2013,26
4/22/2013,12
4/23/2013,12
4/24/2013,12
4/25/2013,18
4/26/2013,11
4/27/2013,21
4/28/2013,15
4/29/2013,10
4/30/2013,18
5/1/2013,17
5/2/2013,13
5/3/2013,19
5/4/2013,14
5/5/2013,23
5/6/2013,20
5/7/2013,18
5/8/2013,18
5/9/2013,16
5/10/2013,13
5/11/2013,13
5/12/2013,16
5/13/2013,18
5/14/2013,11
5/15/2013,17
5/16/2013,11
5/17/2013,14
5/18/2013,11
5/19/2013,22
5/20/2013,6
5/21/2013,20
5/22/2013,22
5/23/2013,18
5/24/2013,18
5/25/2013,19
5/26/2013,14
5/27/2013,15
5/28/2013,13
5/29/2013,22
5/30/2013,16
5/31/2013,15
6/1/2013,21
6/2/2013,16
6/3/2013,13
6/4/2013,16
6/5/2013,12
6/6/2013,15
6/7/2013,23
6/8/2013,22
6/9/2013,24
6/10/2013,20
6/11/2013,16
6/12/2013,21
6/13/2013,16
6/14/2013,16
6/15/2013,22
6/16/2013,21
6/17/2013,11
6/18/2013,11
6/19/2013,14
6/20/2013,17
6/21/2013,15
6/22/2013,13
6/23/2013,24
6/24/2013,14
6/25/2013,21
6/26/2013,13
6/27/2013,19
6/28/2013,20
6/29/2013,22
6/30/2013,21
7/1/2013,20
7/2/2013,23
7/3/2013,15
7/4/2013,14
7/5/2013,19
7/6/2013,18
7/7/2013,16
7/8/2013,20
7/9/2013,16
7/10/2013,11
7/11/2013,17
7/12/2013,20
7/13/2013,21
7/14/2013,17
7/15/2013,12
7/16/2013,12
7/17/2013,17
7/18/2013,17
7/19/2013,16
7/20/2013,22
7/21/2013,15
7/22/2013,13
7/23/2013,14
7/24/2013,17
7/25/2013,12
7/26/2013,14
7/27/2013,17
7/28/2013,26
7/29/2013,17
7/30/2013,19
7/31/2013,23
8/1/2013,11
8/2/2013,16
8/3/2013,14
8/4/2013,16
8/5/2013,14
8/6/2013,12
8/7/2013,17
8/8/2013,21
8/9/2013,12
8/10/2013,16
8/11/2013,20
8/12/2013,11
8/13/2013,14
8/14/2013,20
8/15/2013,21
8/16/2013,14
8/17/2013,15
8/18/2013,17
8/19/2013,12
8/20/2013,16
8/21/2013,18
8/22/2013,17
8/23/2013,18
8/24/2013,22
8/25/2013,20
8/26/2013,15
8/27/2013,11
8/28/2013,13
8/29/2013,11
8/30/2013,18
8/31/2013,9
9/1/2013,9
9/2/2013,7
9/3/2013,6
9/4/2013,19
9/5/2013,9
9/6/2013,19
9/7/2013,16
9/8/2013,15
9/9/2013,8
9/10/2013,10
9/11/2013,13
9/12/2013,13
9/13/2013,16
9/14/2013,20
9/15/2013,11
9/16/2013,10
9/17/2013,14
9/18/2013,11
9/19/2013,15
9/20/2013,21
9/21/2013,14
9/22/2013,20
9/23/2013,11
9/24/2013,12
9/25/2013,14
9/26/2013,11
9/27/2013,13
9/28/2013,13
9/29/2013,17
9/30/2013,9
10/1/2013,12
10/2/2013,17
10/3/2013,17
10/4/2013,18
10/5/2013,13
10/6/2013,11
10/7/2013,13
10/8/2013,8
10/9/2013,11
10/10/2013,7
10/11/2013,13
10/12/2013,26
10/13/2013,19
10/14/2013,13
10/15/2013,4
10/16/2013,19
10/17/2013,13
10/18/2013,18
10/19/2013,18
10/20/2013,21
10/21/2013,8
10/22/2013,7
10/23/2013,9
10/24/2013,13
10/25/2013,18
10/26/2013,17
10/27/2013,20
10/28/2013,13
10/29/2013,9
10/30/2013,15
10/31/2013,12
11/1/2013,22
11/2/2013,22
11/3/2013,15
11/4/2013,17
11/5/2013,12
11/6/2013,13
11/7/2013,17
11/8/2013,15
11/9/2013,19
11/10/2013,21
11/11/2013,13
11/12/2013,14
11/13/2013,16
11/14/2013,15
11/15/2013,9
11/16/2013,9
11/17/2013,23
11/18/2013,16
11/19/2013,15
11/20/2013,16
11/21/2013,13
11/22/2013,12
11/23/2013,15
11/24/2013,14
11/25/2013,14
11/26/2013,13
11/27/2013,11
11/28/2013,22
11/29/2013,21
11/30/2013,12
12/1/2013,13
12/2/2013,15
12/3/2013,12
12/4/2013,10
12/5/2013,14
12/6/2013,11
12/7/2013,14
12/8/2013,13
12/9/2013,6
12/10/2013,9
12/11/2013,11
12/12/2013,11
12/13/2013,11
12/14/2013,12
12/15/2013,10
12/16/2013,7
12/17/2013,14
12/18/2013,9
12/19/2013,13
12/20/2013,10
12/21/2013,18
12/22/2013,18
12/23/2013,4
12/24/2013,9
12/25/2013,14
12/26/2013,5
12/27/2013,10
12/28/2013,13
12/29/2013,5
12/30/2013,13
12/31/2013,9
1/1/2014,13
1/2/2014,12
1/3/2014,6
1/4/2014,5
1/5/2014,14
1/6/2014,13
1/7/2014,2
1/8/2014,13
1/9/2014,11
1/10/2014,4
1/11/2014,13
1/12/2014,20
1/13/2014,9
1/14/2014,6
1/15/2014,11
1/16/2014,10
1/17/2014,9
1/18/2014,7
1/19/2014,14
1/20/2014,14
1/21/2014,6
1/22/2014,8
1/23/2014,8
1/24/2014,17
1/25/2014,18
1/26/2014,14
1/27/2014,4
1/28/2014,9
1/29/2014,7
1/30/2014,12
1/31/2014,14
2/1/2014,21
2/2/2014,12
2/3/2014,12
2/4/2014,10
2/5/2014,17
2/6/2014,13
2/7/2014,15
2/8/2014,11
2/9/2014,13
2/10/2014,18
2/11/2014,7
2/12/2014,12
2/13/2014,14
2/14/2014,11
2/15/2014,7
2/16/2014,19
2/17/2014,12
2/18/2014,16
2/19/2014,11
2/20/2014,10
2/21/2014,11
2/22/2014,13
2/23/2014,11
2/24/2014,11
2/25/2014,11
2/26/2014,19
2/27/2014,8
2/28/2014,15
3/1/2014,16
3/2/2014,17
3/3/2014,15
3/4/2014,12
3/5/2014,16
3/6/2014,15
3/7/2014,11
3/8/2014,15
3/9/2014,15
3/10/2014,9
3/11/2014,13
3/12/2014,10
3/13/2014,12
3/14/2014,18
3/15/2014,16
3/16/2014,13
3/17/2014,10
3/18/2014,10
3/19/2014,16
3/20/2014,17
3/21/2014,18
3/22/2014,20
3/23/2014,20
3/24/2014,14
3/25/2014,12
3/26/2014,10
3/27/2014,10
3/28/2014,19
3/29/2014,20
3/30/2014,22
3/31/2014,6
4/1/2014,18
4/2/2014,15
4/3/2014,19
4/4/2014,18
4/5/2014,12
4/6/2014,25
4/7/2014,12
4/8/2014,17
4/9/2014,21
4/10/2014,18
4/11/2014,18
4/12/2014,14
4/13/2014,14
4/14/2014,13
4/15/2014,10
4/16/2014,14
4/17/2014,20
4/18/2014,21
4/19/2014,15
4/20/2014,21
4/21/2014,14
4/22/2014,16
4/23/2014,16
4/24/2014,25
4/25/2014,15
4/26/2014,14
4/27/2014,18
4/28/2014,14
4/29/2014,16
4/30/2014,16
5/1/2014,14
5/2/2014,15
5/3/2014,13
5/4/2014,18
5/5/2014,18
5/6/2014,26
5/7/2014,22
5/8/2014,26
5/9/2014,23
5/10/2014,22
5/11/2014,24
5/12/2014,21
5/13/2014,16
5/14/2014,19
5/15/2014,23
5/16/2014,19
5/17/2014,18
5/18/2014,18
5/19/2014,24
5/20/2014,19
5/21/2014,19
5/22/2014,18
5/23/2014,17
5/24/2014,17
5/25/2014,19
5/26/2014,16
5/27/2014,15
5/28/2014,20
5/29/2014,26
5/30/2014,17
5/31/2014,17
6/1/2014,23
6/2/2014,6
6/3/2014,17
6/4/2014,24
6/5/2014,25
6/6/2014,16
6/7/2014,22
6/8/2014,17
6/9/2014,14
6/10/2014,20
6/11/2014,20
6/12/2014,21
6/13/2014,26
6/14/2014,25
6/15/2014,17
6/16/2014,17
6/17/2014,15
6/18/2014,16
6/19/2014,20
6/20/2014,18
6/21/2014,22
6/22/2014,31
6/23/2014,13
6/24/2014,22
6/25/2014,22
6/26/2014,25
6/27/2014,16
6/28/2014,25
6/29/2014,19
6/30/2014,11
7/1/2014,20
7/2/2014,16
7/3/2014,26
7/4/2014,28
7/5/2014,21
7/6/2014,25
7/7/2014,24
7/8/2014,20
7/9/2014,17
7/10/2014,20
7/11/2014,25
7/12/2014,20
7/13/2014,26
7/14/2014,18
7/15/2014,16
7/16/2014,21
7/17/2014,19
7/18/2014,25
7/19/2014,18
7/20/2014,21
7/21/2014,14
7/22/2014,21
7/23/2014,11
7/24/2014,16
7/25/2014,27
7/26/2014,19
7/27/2014,30
7/28/2014,10
7/29/2014,16
7/30/2014,19
7/31/2014,15
8/1/2014,14
8/2/2014,18
8/3/2014,23
8/4/2014,17
8/5/2014,17
8/6/2014,26
8/7/2014,23
8/8/2014,20
8/9/2014,24
8/10/2014,20
8/11/2014,12
8/12/2014,17
8/13/2014,19
8/14/2014,17
8/15/2014,21
8/16/2014,27
8/17/2014,21
8/18/2014,16
8/19/2014,19
8/20/2014,16
8/21/2014,13
8/22/2014,12
8/23/2014,17
8/24/2014,23
8/25/2014,17
8/26/2014,24
8/27/2014,23
8/28/2014,18
8/29/2014,20
8/30/2014,18
8/31/2014,23
9/1/2014,15
9/2/2014,11
9/3/2014,11
9/4/2014,19
9/5/2014,25
9/6/2014,16
9/7/2014,16
9/8/2014,16
9/9/2014,23
9/10/2014,11
9/11/2014,19
9/12/2014,19
9/13/2014,22
9/14/2014,21
9/15/2014,18
9/16/2014,8
9/17/2014,19
9/18/2014,29
9/19/2014,15
9/20/2014,20
9/21/2014,25
9/22/2014,11
9/23/2014,15
9/24/2014,17
9/25/2014,22
9/26/2014,23
9/27/2014,20
9/28/2014,14
9/29/2014,13
9/30/2014,17
10/1/2014,12
10/2/2014,11
10/3/2014,15
10/4/2014,19
10/5/2014,20
10/6/2014,8
10/7/2014,12
10/8/2014,14
10/9/2014,11
10/10/2014,17
10/11/2014,19
10/12/2014,15
10/13/2014,11
10/14/2014,13
10/15/2014,18
10/16/2014,21
10/17/2014,11
10/18/2014,11
10/19/2014,21
10/20/2014,14
10/21/2014,12
10/22/2014,14
10/23/2014,16
10/24/2014,14
10/25/2014,21
10/26/2014,20
10/27/2014,8
10/28/2014,17
10/29/2014,10
10/30/2014,9
10/31/2014,16
11/1/2014,16
11/2/2014,19
11/3/2014,19
11/4/2014,15
11/5/2014,15
11/6/2014,16
11/7/2014,12
11/8/2014,21
11/9/2014,19
11/10/2014,10
11/11/2014,16
11/12/2014,19
11/13/2014,12
11/14/2014,24
11/15/2014,24
11/16/2014,24
11/17/2014,17
11/18/2014,16
11/19/2014,22
11/20/2014,22
11/21/2014,10
11/22/2014,19
11/23/2014,19
11/24/2014,12
11/25/2014,11
11/26/2014,17
11/27/2014,20
11/28/2014,20
11/29/2014,13
11/30/2014,23
12/1/2014,10
12/2/2014,11
12/3/2014,7
12/4/2014,13
12/5/2014,13
12/6/2014,19
12/7/2014,17
12/8/2014,12
12/9/2014,5
12/10/2014,17
12/11/2014,9
12/12/2014,14
12/13/2014,22
12/14/2014,13
12/15/2014,9
12/16/2014,14
12/17/2014,12
12/18/2014,11
12/19/2014,10
12/20/2014,12
12/21/2014,21
12/22/2014,8
12/23/2014,7
12/24/2014,19
12/25/2014,10
12/26/2014,11
12/27/2014,11
12/28/2014,18
12/29/2014,11
12/30/2014,15
12/31/2014,12
1/1/2015,7
1/2/2015,18
1/3/2015,8
1/4/2015,16
1/5/2015,8
1/6/2015,11
1/7/2015,8
1/8/2015,11
1/9/2015,14
1/10/2015,20
1/11/2015,16
1/12/2015,11
1/13/2015,8
1/14/2015,14
1/15/2015,6
1/16/2015,10
1/17/2015,10
1/18/2015,11
1/19/2015,7
1/20/2015,9
1/21/2015,7
1/22/2015,15
1/23/2015,6
1/24/2015,15
1/25/2015,12
1/26/2015,9
1/27/2015,6
1/28/2015,10
1/29/2015,6
1/30/2015,13
1/31/2015,8
2/1/2015,13
2/2/2015,8
2/3/2015,11
2/4/2015,15
2/5/2015,10
2/6/2015,16
2/7/2015,11
2/8/2015,20
2/9/2015,12
2/10/2015,9
2/11/2015,13
2/12/2015,19
2/13/2015,13
2/14/2015,16
2/15/2015,14
2/16/2015,13
2/17/2015,6
2/18/2015,7
2/19/2015,8
2/20/2015,18
2/21/2015,21
2/22/2015,20
2/23/2015,11
2/24/2015,5
2/25/2015,15
2/26/2015,10
2/27/2015,6
2/28/2015,11
3/1/2015,17
3/2/2015,18
3/3/2015,17
3/4/2015,10
3/5/2015,17
3/6/2015,13
3/7/2015,14
3/8/2015,16
3/9/2015,9
3/10/2015,11
3/11/2015,13
3/12/2015,24
3/13/2015,17
3/14/2015,13
3/15/2015,16
3/16/2015,10
3/17/2015,7
3/18/2015,11
3/19/2015,14
3/20/2015,25
3/21/2015,18
3/22/2015,21
3/23/2015,16
3/24/2015,19
3/25/2015,13
3/26/2015,18
3/27/2015,16
3/28/2015,20
3/29/2015,12
3/30/2015,6
3/31/2015,22
4/1/2015,21
4/2/2015,16
4/3/2015,29
4/4/2015,21
4/5/2015,18
4/6/2015,15
4/7/2015,22
4/8/2015,21
4/9/2015,12
4/10/2015,15
4/11/2015,30
4/12/2015,25
4/13/2015,16
4/14/2015,21
4/15/2015,18
4/16/2015,19
4/17/2015,16
4/18/2015,22
4/19/2015,26
4/20/2015,16
4/21/2015,14
4/22/2015,9
4/23/2015,22
4/24/2015,16
4/25/2015,23
4/26/2015,23
4/27/2015,8
4/28/2015,27
4/29/2015,9
4/30/2015,21
5/1/2015,15
5/2/2015,23
5/3/2015,21
5/4/2015,22
5/5/2015,32
5/6/2015,18
5/7/2015,23
5/8/2015,11
5/9/2015,23
5/10/2015,19
5/11/2015,10
5/12/2015,20
5/13/2015,12
5/14/2015,19
5/15/2015,18
5/16/2015,15
5/17/2015,24
5/18/2015,13
5/19/2015,17
5/20/2015,20
5/21/2015,15
5/22/2015,21
5/23/2015,17
5/24/2015,20
5/25/2015,12
5/26/2015,24
5/27/2015,17
5/28/2015,18
5/29/2015,23
5/30/2015,24
5/31/2015,17
6/1/2015,20
6/2/2015,19
6/3/2015,26
6/4/2015,21
6/5/2015,19
6/6/2015,22
6/7/2015,24
6/8/2015,18
6/9/2015,17
6/10/2015,28
6/11/2015,17
6/12/2015,31
6/13/2015,23
6/14/2015,31
6/15/2015,18
6/16/2015,10
6/17/2015,30
6/18/2015,18
6/19/2015,23
6/20/2015,26
6/21/2015,32
6/22/2015,15
6/23/2015,23
6/24/2015,18
6/25/2015,17
6/26/2015,25
6/27/2015,20
6/28/2015,29
6/29/2015,16
6/30/2015,16
7/1/2015,23
7/2/2015,21
7/3/2015,22
7/4/2015,17
7/5/2015,23
7/6/2015,17
7/7/2015,14
7/8/2015,19
7/9/2015,31
7/10/2015,25
7/11/2015,20
7/12/2015,24
7/13/2015,17
7/14/2015,11
7/15/2015,16
7/16/2015,26
7/17/2015,25
7/18/2015,21
7/19/2015,27
7/20/2015,13
7/21/2015,18
7/22/2015,21
7/23/2015,18
7/24/2015,20
7/25/2015,26
7/26/2015,27
7/27/2015,15
7/28/2015,18
7/29/2015,16
7/30/2015,28
7/31/2015,8
8/1/2015,15
8/2/2015,26
8/3/2015,17
8/4/2015,15
8/5/2015,14
8/6/2015,20
8/7/2015,16
8/8/2015,26
8/9/2015,27
8/10/2015,19
8/11/2015,20
8/12/2015,22
8/13/2015,22
8/14/2015,21
8/15/2015,15
8/16/2015,23
8/17/2015,13
8/18/2015,14
8/19/2015,25
8/20/2015,19
8/21/2015,19
8/22/2015,24
8/23/2015,20
8/24/2015,15
8/25/2015,16
8/26/2015,13
8/27/2015,23
8/28/2015,19
8/29/2015,23
8/30/2015,22
8/31/2015,26
9/1/2015,16
9/2/2015,18
9/3/2015,25
9/4/2015,19
9/5/2015,22
9/6/2015,20
9/7/2015,11
9/8/2015,8
9/9/2015,8
9/10/2015,18
9/11/2015,23
9/12/2015,16
9/13/2015,19
9/14/2015,22
9/15/2015,20
9/16/2015,13
9/17/2015,13
9/18/2015,22
9/19/2015,25
9/20/2015,16
9/21/2015,11
9/22/2015,22
9/23/2015,20
9/24/2015,19
9/25/2015,13
9/26/2015,20
9/27/2015,33
9/28/2015,13
9/29/2015,15
9/30/2015,13
10/1/2015,10
10/2/2015,18
10/3/2015,22
10/4/2015,11
10/5/2015,10
10/6/2015,14
10/7/2015,12
10/8/2015,11
10/9/2015,13
10/10/2015,12
10/11/2015,10
10/12/2015,12
10/13/2015,17
10/14/2015,11
10/15/2015,15
10/16/2015,15
10/17/2015,23
10/18/2015,16
10/19/2015,12
10/20/2015,17
10/21/2015,8
10/22/2015,31
10/23/2015,11
10/24/2015,25
10/25/2015,13
10/26/2015,16
10/27/2015,14
10/28/2015,15
10/29/2015,10
10/30/2015,21
10/31/2015,25
11/1/2015,17
11/2/2015,15
11/3/2015,18
11/4/2015,20
11/5/2015,13
11/6/2015,24
11/7/2015,23
11/8/2015,22
11/9/2015,9
11/10/2015,11
11/11/2015,14
11/12/2015,24
11/13/2015,15
11/14/2015,20
11/15/2015,21
11/16/2015,15
11/17/2015,17
11/18/2015,15
11/19/2015,14
11/20/2015,16
11/21/2015,29
11/22/2015,25
11/23/2015,22
11/24/2015,14
11/25/2015,18
11/26/2015,21
11/27/2015,20
11/28/2015,25
11/29/2015,22
11/30/2015,11
12/1/2015,10
12/2/2015,7
12/3/2015,12
12/4/2015,19
12/5/2015,11
12/6/2015,14
12/7/2015,10
12/8/2015,11
12/9/2015,18
12/10/2015,10
12/11/2015,19
12/12/2015,19
12/13/2015,15
12/14/2015,7
12/15/2015,8
12/16/2015,11
12/17/2015,10
12/18/2015,15
12/19/2015,15
12/20/2015,11
12/21/2015,17
12/22/2015,7
12/23/2015,6
12/24/2015,18
12/25/2015,15
12/26/2015,15
12/27/2015,15
12/28/2015,7
12/29/2015,12
12/30/2015,16
12/31/2015,8
1/1/2016,13
1/2/2016,14
1/3/2016,17
1/4/2016,11
1/5/2016,12
1/6/2016,13
1/7/2016,9
1/8/2016,8
1/9/2016,14
1/10/2016,13
1/11/2016,7
1/12/2016,9
1/13/2016,9
1/14/2016,18
1/15/2016,15
1/16/2016,8
1/17/2016,13
1/18/2016,8
1/19/2016,12
1/20/2016,16
1/21/2016,7
1/22/2016,12
1/23/2016,16
1/24/2016,11
1/25/2016,8
1/26/2016,7
1/27/2016,8
1/28/2016,9
1/29/2016,17
1/30/2016,15
1/31/2016,6
2/1/2016,11
2/2/2016,13
2/3/2016,17
2/4/2016,22
2/5/2016,10
2/6/2016,13
2/7/2016,10
2/8/2016,11
2/9/2016,12
2/10/2016,13
2/11/2016,8
2/12/2016,11
2/13/2016,17
2/14/2016,18
2/15/2016,9
2/16/2016,12
2/17/2016,11
2/18/2016,13
2/19/2016,20
2/20/2016,16
2/21/2016,18
2/22/2016,12
2/23/2016,12
2/24/2016,10
2/25/2016,17
2/26/2016,12
2/27/2016,25
2/28/2016,18
2/29/2016,8
3/1/2016,17
3/2/2016,11
3/3/2016,22
3/4/2016,19
3/5/2016,17
3/6/2016,15
3/7/2016,16
3/8/2016,13
3/9/2016,19
3/10/2016,8
3/11/2016,20
3/12/2016,16
3/13/2016,24
3/14/2016,12
3/15/2016,19
3/16/2016,26
3/17/2016,13
3/18/2016,21
3/19/2016,19
3/20/2016,18
3/21/2016,11
3/22/2016,15
3/23/2016,19
3/24/2016,13
3/25/2016,26
3/26/2016,26
3/27/2016,22
3/28/2016,11
3/29/2016,15
3/30/2016,19
3/31/2016,8
4/1/2016,22
4/2/2016,22
4/3/2016,31
4/4/2016,18
4/5/2016,23
4/6/2016,19
4/7/2016,18
4/8/2016,17
4/9/2016,27
4/10/2016,20
4/11/2016,11
4/12/2016,8
4/13/2016,17
4/14/2016,21
4/15/2016,21
4/16/2016,27
4/17/2016,19
4/18/2016,10
4/19/2016,20
4/20/2016,26
4/21/2016,17
4/22/2016,21
4/23/2016,22
4/24/2016,22
4/25/2016,17
4/26/2016,21
4/27/2016,17
4/28/2016,17
4/29/2016,19
4/30/2016,17
5/1/2016,22
5/2/2016,9
5/3/2016,24
5/4/2016,18
5/5/2016,16
5/6/2016,16
5/7/2016,17
5/8/2016,21
5/9/2016,11
5/10/2016,16
5/11/2016,18
5/12/2016,19
5/13/2016,12
5/14/2016,29
5/15/2016,24
5/16/2016,20
5/17/2016,10
5/18/2016,13
5/19/2016,21
5/20/2016,18
5/21/2016,23
5/22/2016,33
5/23/2016,12
5/24/2016,18
5/25/2016,21
5/26/2016,15
5/27/2016,20
5/28/2016,23
5/29/2016,17
5/30/2016,15
5/31/2016,12
6/1/2016,20
6/2/2016,24
6/3/2016,15
6/4/2016,22
6/5/2016,37
6/6/2016,17
6/7/2016,29
6/8/2016,11
6/9/2016,24
6/10/2016,32
6/11/2016,20
6/12/2016,31
6/13/2016,15
6/14/2016,17
6/15/2016,25
6/16/2016,23
6/17/2016,24
6/18/2016,17
6/19/2016,32
6/20/2016,18
6/21/2016,15
6/22/2016,17
6/23/2016,26
6/24/2016,25
6/25/2016,20
6/26/2016,24
6/27/2016,18
6/28/2016,20
6/29/2016,22
6/30/2016,25
7/1/2016,22
7/2/2016,26
7/3/2016,35
7/4/2016,27
7/5/2016,34
7/6/2016,25
7/7/2016,23
7/8/2016,35
7/9/2016,28
7/10/2016,23
7/11/2016,20
7/12/2016,24
7/13/2016,17
7/14/2016,24
7/15/2016,26
7/16/2016,24
7/17/2016,25
7/18/2016,21
7/19/2016,17
7/20/2016,22
7/21/2016,22
7/22/2016,19
7/23/2016,31
7/24/2016,31
7/25/2016,9
7/26/2016,19
7/27/2016,19
7/28/2016,25
7/29/2016,17
7/30/2016,16
7/31/2016,25
8/1/2016,16
8/2/2016,21
8/3/2016,19
8/4/2016,23
8/5/2016,22
8/6/2016,17
8/7/2016,25
8/8/2016,23
8/9/2016,13
8/10/2016,17
8/11/2016,23
8/12/2016,22
8/13/2016,26
8/14/2016,29
8/15/2016,20
8/16/2016,24
8/17/2016,16
8/18/2016,26
8/19/2016,14
8/20/2016,21
8/21/2016,25
8/22/2016,12
8/23/2016,22
8/24/2016,17
8/25/2016,24
8/26/2016,22
8/27/2016,20
8/28/2016,22
8/29/2016,27
8/30/2016,18
8/31/2016,26
9/1/2016,25
9/2/2016,27
9/3/2016,22
9/4/2016,22
9/5/2016,16
9/6/2016,14
9/7/2016,16
9/8/2016,21
9/9/2016,17
9/10/2016,17
9/11/2016,22
9/12/2016,23
9/13/2016,16
9/14/2016,12
9/15/2016,16
9/16/2016,19
9/17/2016,16
9/18/2016,24
9/19/2016,14
9/20/2016,31
9/21/2016,17
9/22/2016,26
9/23/2016,17
9/24/2016,19
9/25/2016,18
9/26/2016,22
9/27/2016,20
9/28/2016,12
9/29/2016,13
9/30/2016,21
10/1/2016,25
10/2/2016,20
10/3/2016,12
10/4/2016,9
10/5/2016,18
10/6/2016,18
10/7/2016,20
10/8/2016,16
10/9/2016,12
10/10/2016,14
10/11/2016,21
10/12/2016,15
10/13/2016,17
10/14/2016,15
10/15/2016,21
10/16/2016,18
10/17/2016,18
10/18/2016,12
10/19/2016,9
10/20/2016,12
10/21/2016,25
10/22/2016,17
10/23/2016,17
10/24/2016,15
10/25/2016,19
10/26/2016,12
10/27/2016,26
10/28/2016,23
10/29/2016,19
10/30/2016,25
10/31/2016,10
11/1/2016,13
11/2/2016,19
11/3/2016,18
11/4/2016,16
11/5/2016,21
11/6/2016,16
11/7/2016,17
11/8/2016,13
11/9/2016,19
11/10/2016,25
11/11/2016,25
11/12/2016,24
11/13/2016,19
11/14/2016,19
11/15/2016,22
11/16/2016,23
11/17/2016,12
11/18/2016,22
11/19/2016,24
11/20/2016,19
11/21/2016,16
11/22/2016,18
11/23/2016,12
11/24/2016,16
11/25/2016,16
11/26/2016,27
11/27/2016,21
11/28/2016,9
11/29/2016,23
11/30/2016,19
12/1/2016,18
12/2/2016,27
12/3/2016,23
12/4/2016,22
12/5/2016,9
12/6/2016,16
12/7/2016,9
12/8/2016,13
12/9/2016,10
12/10/2016,15
12/11/2016,15
12/12/2016,13
12/13/2016,22
12/14/2016,13
12/15/2016,12
12/16/2016,13
12/17/2016,28
12/18/2016,16
12/19/2016,14
12/20/2016,11
12/21/2016,10
12/22/2016,11
12/23/2016,14
12/24/2016,16
12/25/2016,16
12/26/2016,7
12/27/2016,14
12/28/2016,12
12/29/2016,18
12/30/2016,15
12/31/2016,15
1/1/2017,18
1/2/2017,10
1/3/2017,7
1/4/2017,11
1/5/2017,9
1/6/2017,18
1/7/2017,12
1/8/2017,12
1/9/2017,13
1/10/2017,14
1/11/2017,10
1/12/2017,17
1/13/2017,12
1/14/2017,19
1/15/2017,17
1/16/2017,13
1/17/2017,10
1/18/2017,10
1/19/2017,15
1/20/2017,13
1/21/2017,18
1/22/2017,21
1/23/2017,11
1/24/2017,11
1/25/2017,16
1/26/2017,10
1/27/2017,19
1/28/2017,18
1/29/2017,25
1/30/2017,9
1/31/2017,9
2/1/2017,14
2/2/2017,9
2/3/2017,14
2/4/2017,14
2/5/2017,16
2/6/2017,8
2/7/2017,13
2/8/2017,16
2/9/2017,13
2/10/2017,15
2/11/2017,21
2/12/2017,13
2/13/2017,9
2/14/2017,17
2/15/2017,13
2/16/2017,13
2/17/2017,15
2/18/2017,18
2/19/2017,21
2/20/2017,15
2/21/2017,12
2/22/2017,8
2/23/2017,10
2/24/2017,15
2/25/2017,14
2/26/2017,13
2/27/2017,9
2/28/2017,16
3/1/2017,12
3/2/2017,20
3/3/2017,15
3/4/2017,18
3/5/2017,22
3/6/2017,12
3/7/2017,7
3/8/2017,14
3/9/2017,16
3/10/2017,21
3/11/2017,16
3/12/2017,15
3/13/2017,16
3/14/2017,14
3/15/2017,10
3/16/2017,12
3/17/2017,17
3/18/2017,19
3/19/2017,20
3/20/2017,18
3/21/2017,12
3/22/2017,13
3/23/2017,20
3/24/2017,23
3/25/2017,26
3/26/2017,20
3/27/2017,14
3/28/2017,18
3/29/2017,18
3/30/2017,25
3/31/2017,18
4/1/2017,21
4/2/2017,33
4/3/2017,14
4/4/2017,14
4/5/2017,14
4/6/2017,15
4/7/2017,21
4/8/2017,19
4/9/2017,21
4/10/2017,16
4/11/2017,21
4/12/2017,16
4/13/2017,16
4/14/2017,23
4/15/2017,21
4/16/2017,19
4/17/2017,15
4/18/2017,18
4/19/2017,15
4/20/2017,18
4/21/2017,13
4/22/2017,27
4/23/2017,24
4/24/2017,11
4/25/2017,18
4/26/2017,18
4/27/2017,19
4/28/2017,16
4/29/2017,21
4/30/2017,25
5/1/2017,17
5/2/2017,20
5/3/2017,19
5/4/2017,24
5/5/2017,25
5/6/2017,21
5/7/2017,30
5/8/2017,23
5/9/2017,15
5/10/2017,19
5/11/2017,18
5/12/2017,23
5/13/2017,29
5/14/2017,21
5/15/2017,22
5/16/2017,15
5/17/2017,24
5/18/2017,24
5/19/2017,17
5/20/2017,18
5/21/2017,22
5/22/2017,21
5/23/2017,24
5/24/2017,20
5/25/2017,23
5/26/2017,17
5/27/2017,23
5/28/2017,30
5/29/2017,10
5/30/2017,24
5/31/2017,19
6/1/2017,27
6/2/2017,20
6/3/2017,28
6/4/2017,21
6/5/2017,21
6/6/2017,15
6/7/2017,17
6/8/2017,25
6/9/2017,26
6/10/2017,26
6/11/2017,33
6/12/2017,15
6/13/2017,30
6/14/2017,21
6/15/2017,33
6/16/2017,24
6/17/2017,23
6/18/2017,27
6/19/2017,16
6/20/2017,21
6/21/2017,24
6/22/2017,20
6/23/2017,23
6/24/2017,24
6/25/2017,20
6/26/2017,15
6/27/2017,24
6/28/2017,27
6/29/2017,22
6/30/2017,24
7/1/2017,21
7/2/2017,19
7/3/2017,21
7/4/2017,29
7/5/2017,24
7/6/2017,18
7/7/2017,24
7/8/2017,23
7/9/2017,27
7/10/2017,19
7/11/2017,29
7/12/2017,22
7/13/2017,20
7/14/2017,24
7/15/2017,24
7/16/2017,22
7/17/2017,15
7/18/2017,19
7/19/2017,22
7/20/2017,20
7/21/2017,25
7/22/2017,24
7/23/2017,26
7/24/2017,23
7/25/2017,23
7/26/2017,24
7/27/2017,18
7/28/2017,27
7/29/2017,27
7/30/2017,24
7/31/2017,19
8/1/2017,19
8/2/2017,20
8/3/2017,23
8/4/2017,26
8/5/2017,22
8/6/2017,23
8/7/2017,18
8/8/2017,27
8/9/2017,22
8/10/2017,20
8/11/2017,19
8/12/2017,21
8/13/2017,20
8/14/2017,20
8/15/2017,24
8/16/2017,20
8/17/2017,17
8/18/2017,16
8/19/2017,23
8/20/2017,26
8/21/2017,17
8/22/2017,18
8/23/2017,18
8/24/2017,17
8/25/2017,24
8/26/2017,26
8/27/2017,22
8/28/2017,14
8/29/2017,22
8/30/2017,22
8/31/2017,16
9/1/2017,20
9/2/2017,15
9/3/2017,24
9/4/2017,14
9/5/2017,16
9/6/2017,18
9/7/2017,22
9/8/2017,24
9/9/2017,26
9/10/2017,18
9/11/2017,16
9/12/2017,15
9/13/2017,15
9/14/2017,15
9/15/2017,23
9/16/2017,21
9/17/2017,23
9/18/2017,16
9/19/2017,20
9/20/2017,23
9/21/2017,28
9/22/2017,10
9/23/2017,18
9/24/2017,21
9/25/2017,18
9/26/2017,19
9/27/2017,7
9/28/2017,25
9/29/2017,32
9/30/2017,17
10/1/2017,21
10/2/2017,18
10/3/2017,13
10/4/2017,18
10/5/2017,21
10/6/2017,19
10/7/2017,24
10/8/2017,22
10/9/2017,13
10/10/2017,16
10/11/2017,20
10/12/2017,15
10/13/2017,24
10/14/2017,29
10/15/2017,23
10/16/2017,9
10/17/2017,14
10/18/2017,15
10/19/2017,21
10/20/2017,17
10/21/2017,17
10/22/2017,14
10/23/2017,19
10/24/2017,16
10/25/2017,16
10/26/2017,25
10/27/2017,15
10/28/2017,21
10/29/2017,15
10/30/2017,13
10/31/2017,20
11/1/2017,21
11/2/2017,27
11/3/2017,20
11/4/2017,20
11/5/2017,21
11/6/2017,10
11/7/2017,21
11/8/2017,15
11/9/2017,18
11/10/2017,20
11/11/2017,25
11/12/2017,24
11/13/2017,21
11/14/2017,31
11/15/2017,17
11/16/2017,22
11/17/2017,21
11/18/2017,22
11/19/2017,26
11/20/2017,9
11/21/2017,11
11/22/2017,20
11/23/2017,20
11/24/2017,23
11/25/2017,22
11/26/2017,24
11/27/2017,11
11/28/2017,10
11/29/2017,20
11/30/2017,21
12/1/2017,11
12/2/2017,18
12/3/2017,15
12/4/2017,14
12/5/2017,16
12/6/2017,10
12/7/2017,6
12/8/2017,11
12/9/2017,14
12/10/2017,24
12/11/2017,9
12/12/2017,13
12/13/2017,11
12/14/2017,10
12/15/2017,15
12/16/2017,23
12/17/2017,14
12/18/2017,15
12/19/2017,16
12/20/2017,7
12/21/2017,13
12/22/2017,13
12/23/2017,13
12/24/2017,21
12/25/2017,10
12/26/2017,14
12/27/2017,14
12/28/2017,8
12/29/2017,16
12/30/2017,10
12/31/2017,19
1/1/2013,7
1/2/2013,4
1/3/2013,8
1/4/2013,7
1/5/2013,8
1/6/2013,10
1/7/2013,6
1/8/2013,6
1/9/2013,3
1/10/2013,7
1/11/2013,8
1/12/2013,9
1/13/2013,8
1/14/2013,7
1/15/2013,13
1/16/2013,8
1/17/2013,9
1/18/2013,5
1/19/2013,8
1/20/2013,13
1/21/2013,7
1/22/2013,4
1/23/2013,11
1/24/2013,8
1/25/2013,6
1/26/2013,15
1/27/2013,12
1/28/2013,12
1/29/2013,9
1/30/2013,8
1/31/2013,10
2/1/2013,12
2/2/2013,12
2/3/2013,13
2/4/2013,10
2/5/2013,10
2/6/2013,6
2/7/2013,11
2/8/2013,10
2/9/2013,14
2/10/2013,17
2/11/2013,3
2/12/2013,13
2/13/2013,8
2/14/2013,10
2/15/2013,5
2/16/2013,16
2/17/2013,16
2/18/2013,11
2/19/2013,11
2/20/2013,11
2/21/2013,11
2/22/2013,11
2/23/2013,13
2/24/2013,21
2/25/2013,7
2/26/2013,7
2/27/2013,7
2/28/2013,9
3/1/2013,11
3/2/2013,19
3/3/2013,12
3/4/2013,10
3/5/2013,13
3/6/2013,15
3/7/2013,16
3/8/2013,7
3/9/2013,17
3/10/2013,14
3/11/2013,9
3/12/2013,12
3/13/2013,18
3/14/2013,15
3/15/2013,13
3/16/2013,13
3/17/2013,16
3/18/2013,12
3/19/2013,14
3/20/2013,11
3/21/2013,9
3/22/2013,10
3/23/2013,12
3/24/2013,8
3/25/2013,8
3/26/2013,13
3/27/2013,7
3/28/2013,14
3/29/2013,14
3/30/2013,11
3/31/2013,16
4/1/2013,6
4/2/2013,13
4/3/2013,15
4/4/2013,21
4/5/2013,10
4/6/2013,14
4/7/2013,17
4/8/2013,9
4/9/2013,15
4/10/2013,13
4/11/2013,22
4/12/2013,21
4/13/2013,16
4/14/2013,21
4/15/2013,7
4/16/2013,13
4/17/2013,16
4/18/2013,12
4/19/2013,27
4/20/2013,18
4/21/2013,20
4/22/2013,7
4/23/2013,10
4/24/2013,8
4/25/2013,12
4/26/2013,17
4/27/2013,16
4/28/2013,23
4/29/2013,12
4/30/2013,11
5/1/2013,10
5/2/2013,16
5/3/2013,6
5/4/2013,14
5/5/2013,10
5/6/2013,13
5/7/2013,14
5/8/2013,16
5/9/2013,12
5/10/2013,12
5/11/2013,14
5/12/2013,18
5/13/2013,15
5/14/2013,10
5/15/2013,16
5/16/2013,9
5/17/2013,13
5/18/2013,15
5/19/2013,21
5/20/2013,10
5/21/2013,14
5/22/2013,10
5/23/2013,9
5/24/2013,10
5/25/2013,17
5/26/2013,21
5/27/2013,8
5/28/2013,14
5/29/2013,9
5/30/2013,10
5/31/2013,13
6/1/2013,22
6/2/2013,23
6/3/2013,12
6/4/2013,13
6/5/2013,19
6/6/2013,6
6/7/2013,11
6/8/2013,16
6/9/2013,15
6/10/2013,11
6/11/2013,16
6/12/2013,16
6/13/2013,21
6/14/2013,12
6/15/2013,16
6/16/2013,10
6/17/2013,14
6/18/2013,15
6/19/2013,24
6/20/2013,19
6/21/2013,19
6/22/2013,19
6/23/2013,19
6/24/2013,11
6/25/2013,13
6/26/2013,10
6/27/2013,16
6/28/2013,22
6/29/2013,21
6/30/2013,20
7/1/2013,10
7/2/2013,13
7/3/2013,15
7/4/2013,14
7/5/2013,19
7/6/2013,14
7/7/2013,21
7/8/2013,13
7/9/2013,9
7/10/2013,12
7/11/2013,14
7/12/2013,20
7/13/2013,20
7/14/2013,19
7/15/2013,15
7/16/2013,12
7/17/2013,21
7/18/2013,13
7/19/2013,14
7/20/2013,12
7/21/2013,12
7/22/2013,10
7/23/2013,14
7/24/2013,16
7/25/2013,11
7/26/2013,20
7/27/2013,20
7/28/2013,22
7/29/2013,13
7/30/2013,10
7/31/2013,14
8/1/2013,15
8/2/2013,14
8/3/2013,18
8/4/2013,20
8/5/2013,12
8/6/2013,11
8/7/2013,13
8/8/2013,12
8/9/2013,8
8/10/2013,18
8/11/2013,18
8/12/2013,15
8/13/2013,10
8/14/2013,9
8/15/2013,16
8/16/2013,14
8/17/2013,16
8/18/2013,13
8/19/2013,16
8/20/2013,12
8/21/2013,15
8/22/2013,19
8/23/2013,20
8/24/2013,19
8/25/2013,20
8/26/2013,16
8/27/2013,11
8/28/2013,17
8/29/2013,15
8/30/2013,20
8/31/2013,17
9/1/2013,16
9/2/2013,10
9/3/2013,20
9/4/2013,16
9/5/2013,8
9/6/2013,15
9/7/2013,11
9/8/2013,18
9/9/2013,9
9/10/2013,15
9/11/2013,11
9/12/2013,20
9/13/2013,11
9/14/2013,13
9/15/2013,20
9/16/2013,8
9/17/2013,7
9/18/2013,8
9/19/2013,16
9/20/2013,8
9/21/2013,14
9/22/2013,16
9/23/2013,12
9/24/2013,8
9/25/2013,15
9/26/2013,12
9/27/2013,15
9/28/2013,17
9/29/2013,14
9/30/2013,11
10/1/2013,10
10/2/2013,9
10/3/2013,10
10/4/2013,14
10/5/2013,17
10/6/2013,10
10/7/2013,9
10/8/2013,12
10/9/2013,14
10/10/2013,20
10/11/2013,6
10/12/2013,16
10/13/2013,18
10/14/2013,9
10/15/2013,10
10/16/2013,14
10/17/2013,14
10/18/2013,9
10/19/2013,15
10/20/2013,12
10/21/2013,6
10/22/2013,17
10/23/2013,13
10/24/2013,12
10/25/2013,5
10/26/2013,17
10/27/2013,14
10/28/2013,7
10/29/2013,4
10/30/2013,16
10/31/2013,10
11/1/2013,16
11/2/2013,14
11/3/2013,21
11/4/2013,15
11/5/2013,10
11/6/2013,15
11/7/2013,17
11/8/2013,22
11/9/2013,11
11/10/2013,20
11/11/2013,5
11/12/2013,10
11/13/2013,8
11/14/2013,15
11/15/2013,18
11/16/2013,12
11/17/2013,8
11/18/2013,9
11/19/2013,13
11/20/2013,11
11/21/2013,11
11/22/2013,18
11/23/2013,19
11/24/2013,18
11/25/2013,12
11/26/2013,10
11/27/2013,16
11/28/2013,16
11/29/2013,11
11/30/2013,14
12/1/2013,16
12/2/2013,5
12/3/2013,6
12/4/2013,9
12/5/2013,15
12/6/2013,16
12/7/2013,13
12/8/2013,14
12/9/2013,4
12/10/2013,8
12/11/2013,4
12/12/2013,8
12/13/2013,13
12/14/2013,15
12/15/2013,9
12/16/2013,11
12/17/2013,8
12/18/2013,18
12/19/2013,3
12/20/2013,22
12/21/2013,7
12/22/2013,11
12/23/2013,9
12/24/2013,9
12/25/2013,5
12/26/2013,11
12/27/2013,8
12/28/2013,16
12/29/2013,14
12/30/2013,8
12/31/2013,8
1/1/2014,5
1/2/2014,6
1/3/2014,7
1/4/2014,9
1/5/2014,8
1/6/2014,8
1/7/2014,10
1/8/2014,7
1/9/2014,1
1/10/2014,8
1/11/2014,8
1/12/2014,9
1/13/2014,11
1/14/2014,7
1/15/2014,12
1/16/2014,16
1/17/2014,16
1/18/2014,7
1/19/2014,10
1/20/2014,8
1/21/2014,11
1/22/2014,10
1/23/2014,10
1/24/2014,8
1/25/2014,10
1/26/2014,17
1/27/2014,3
1/28/2014,13
1/29/2014,8
1/30/2014,10
1/31/2014,11
2/1/2014,10
2/2/2014,6
2/3/2014,7
2/4/2014,10
2/5/2014,8
2/6/2014,15
2/7/2014,16
2/8/2014,18
2/9/2014,6
2/10/2014,2
2/11/2014,11
2/12/2014,9
2/13/2014,11
2/14/2014,10
2/15/2014,9
2/16/2014,16
2/17/2014,8
2/18/2014,10
2/19/2014,8
2/20/2014,8
2/21/2014,9
2/22/2014,14
2/23/2014,16
2/24/2014,11
2/25/2014,7
2/26/2014,11
2/27/2014,10
2/28/2014,13
3/1/2014,11
3/2/2014,15
3/3/2014,11
3/4/2014,10
3/5/2014,19
3/6/2014,12
3/7/2014,12
3/8/2014,16
3/9/2014,16
3/10/2014,7
3/11/2014,12
3/12/2014,22
3/13/2014,13
3/14/2014,11
3/15/2014,12
3/16/2014,18
3/17/2014,10
3/18/2014,12
3/19/2014,14
3/20/2014,9
3/21/2014,12
3/22/2014,15
3/23/2014,14
3/24/2014,9
3/25/2014,10
3/26/2014,14
3/27/2014,5
3/28/2014,16
3/29/2014,17
3/30/2014,11
3/31/2014,16
4/1/2014,19
4/2/2014,14
4/3/2014,9
4/4/2014,21
4/5/2014,24
4/6/2014,16
4/7/2014,10
4/8/2014,15
4/9/2014,14
4/10/2014,18
4/11/2014,15
4/12/2014,13
4/13/2014,20
4/14/2014,11
4/15/2014,19
4/16/2014,9
4/17/2014,16
4/18/2014,21
4/19/2014,16
4/20/2014,23
4/21/2014,9
4/22/2014,16
4/23/2014,18
4/24/2014,23
4/25/2014,21
4/26/2014,18
4/27/2014,23
4/28/2014,16
4/29/2014,12
4/30/2014,18
5/1/2014,20
5/2/2014,10
5/3/2014,16
5/4/2014,19
5/5/2014,18
5/6/2014,15
5/7/2014,9
5/8/2014,15
5/9/2014,11
5/10/2014,17
5/11/2014,16
5/12/2014,13
5/13/2014,17
5/14/2014,17
5/15/2014,13
5/16/2014,15
5/17/2014,12
5/18/2014,19
5/19/2014,14
5/20/2014,17
5/21/2014,16
5/22/2014,17
5/23/2014,17
5/24/2014,12
5/25/2014,15
5/26/2014,13
5/27/2014,15
5/28/2014,19
5/29/2014,10
5/30/2014,21
5/31/2014,12
6/1/2014,30
6/2/2014,15
6/3/2014,16
6/4/2014,20
6/5/2014,19
6/6/2014,13
6/7/2014,16
6/8/2014,18
6/9/2014,11
6/10/2014,16
6/11/2014,15
6/12/2014,14
6/13/2014,17
6/14/2014,13
6/15/2014,40
6/16/2014,24
6/17/2014,22
6/18/2014,15
6/19/2014,16
6/20/2014,20
6/21/2014,17
6/22/2014,19
6/23/2014,11
6/24/2014,15
6/25/2014,18
6/26/2014,29
6/27/2014,18
6/28/2014,27
6/29/2014,20
6/30/2014,16
7/1/2014,15
7/2/2014,15
7/3/2014,14
7/4/2014,18
7/5/2014,24
7/6/2014,15
7/7/2014,11
7/8/2014,10
7/9/2014,15
7/10/2014,18
7/11/2014,18
7/12/2014,17
7/13/2014,22
7/14/2014,15
7/15/2014,15
7/16/2014,21
7/17/2014,20
7/18/2014,17
7/19/2014,23
7/20/2014,25
7/21/2014,16
7/22/2014,24
7/23/2014,15
7/24/2014,19
7/25/2014,19
7/26/2014,15
7/27/2014,17
7/28/2014,26
7/29/2014,12
7/30/2014,16
7/31/2014,18
8/1/2014,16
8/2/2014,25
8/3/2014,25
8/4/2014,10
8/5/2014,13
8/6/2014,13
8/7/2014,12
8/8/2014,20
8/9/2014,16
8/10/2014,15
8/11/2014,7
8/12/2014,13
8/13/2014,11
8/14/2014,23
8/15/2014,18
8/16/2014,26
8/17/2014,18
8/18/2014,14
8/19/2014,19
8/20/2014,14
8/21/2014,15
8/22/2014,19
8/23/2014,10
8/24/2014,19
8/25/2014,14
8/26/2014,14
8/27/2014,22
8/28/2014,19
8/29/2014,22
8/30/2014,21
8/31/2014,24
9/1/2014,14
9/2/2014,18
9/3/2014,19
9/4/2014,13
9/5/2014,20
9/6/2014,15
9/7/2014,11
9/8/2014,11
9/9/2014,11
9/10/2014,20
9/11/2014,18
9/12/2014,11
9/13/2014,18
9/14/2014,16
9/15/2014,9
9/16/2014,16
9/17/2014,21
9/18/2014,13
9/19/2014,9
9/20/2014,24
9/21/2014,17
9/22/2014,16
9/23/2014,12
9/24/2014,13
9/25/2014,24
9/26/2014,16
9/27/2014,23
9/28/2014,17
9/29/2014,15
9/30/2014,15
10/1/2014,13
10/2/2014,13
10/3/2014,21
10/4/2014,17
10/5/2014,20
10/6/2014,12
10/7/2014,11
10/8/2014,10
10/9/2014,14
10/10/2014,12
10/11/2014,17
10/12/2014,15
10/13/2014,6
10/14/2014,10
10/15/2014,19
10/16/2014,17
10/17/2014,7
10/18/2014,14
10/19/2014,13
10/20/2014,9
10/21/2014,12
10/22/2014,10
10/23/2014,19
10/24/2014,21
10/25/2014,8
10/26/2014,24
10/27/2014,14
10/28/2014,12
10/29/2014,13
10/30/2014,13
10/31/2014,21
11/1/2014,25
11/2/2014,17
11/3/2014,10
11/4/2014,20
11/5/2014,11
11/6/2014,14
11/7/2014,18
11/8/2014,12
11/9/2014,18
11/10/2014,16
11/11/2014,16
11/12/2014,13
11/13/2014,13
11/14/2014,16
11/15/2014,13
11/16/2014,30
11/17/2014,13
11/18/2014,17
11/19/2014,13
11/20/2014,10
11/21/2014,15
11/22/2014,11
11/23/2014,13
11/24/2014,13
11/25/2014,12
11/26/2014,9
11/27/2014,15
11/28/2014,13
11/29/2014,15
11/30/2014,27
12/1/2014,6
12/2/2014,11
12/3/2014,14
12/4/2014,15
12/5/2014,15
12/6/2014,13
12/7/2014,12
12/8/2014,11
12/9/2014,10
12/10/2014,11
12/11/2014,9
12/12/2014,10
12/13/2014,8
12/14/2014,10
12/15/2014,12
12/16/2014,11
12/17/2014,10
12/18/2014,7
12/19/2014,13
12/20/2014,12
12/21/2014,7
12/22/2014,13
12/23/2014,14
12/24/2014,14
12/25/2014,13
12/26/2014,9
12/27/2014,9
12/28/2014,14
12/29/2014,7
12/30/2014,10
12/31/2014,8
1/1/2015,10
1/2/2015,11
1/3/2015,11
1/4/2015,10
1/5/2015,8
1/6/2015,8
1/7/2015,7
1/8/2015,15
1/9/2015,15
1/10/2015,9
1/11/2015,9
1/12/2015,6
1/13/2015,12
1/14/2015,5
1/15/2015,9
1/16/2015,4
1/17/2015,13
1/18/2015,10
1/19/2015,8
1/20/2015,11
1/21/2015,6
1/22/2015,16
1/23/2015,14
1/24/2015,13
1/25/2015,8
1/26/2015,12
1/27/2015,10
1/28/2015,5
1/29/2015,10
1/30/2015,12
1/31/2015,8
2/1/2015,7
2/2/2015,8
2/3/2015,14
2/4/2015,9
2/5/2015,12
2/6/2015,9
2/7/2015,11
2/8/2015,13
2/9/2015,22
2/10/2015,9
2/11/2015,8
2/12/2015,12
2/13/2015,14
2/14/2015,11
2/15/2015,17
2/16/2015,10
2/17/2015,7
2/18/2015,9
2/19/2015,11
2/20/2015,12
2/21/2015,11
2/22/2015,15
2/23/2015,14
2/24/2015,14
2/25/2015,10
2/26/2015,12
2/27/2015,9
2/28/2015,13
3/1/2015,26
3/2/2015,10
3/3/2015,22
3/4/2015,13
3/5/2015,10
3/6/2015,16
3/7/2015,11
3/8/2015,12
3/9/2015,23
3/10/2015,11
3/11/2015,17
3/12/2015,9
3/13/2015,17
3/14/2015,15
3/15/2015,18
3/16/2015,12
3/17/2015,12
3/18/2015,19
3/19/2015,18
3/20/2015,12
3/21/2015,21
3/22/2015,16
3/23/2015,8
3/24/2015,12
3/25/2015,25
3/26/2015,13
3/27/2015,17
3/28/2015,11
3/29/2015,16
3/30/2015,15
3/31/2015,8
4/1/2015,16
4/2/2015,13
4/3/2015,17
4/4/2015,14
4/5/2015,15
4/6/2015,16
4/7/2015,9
4/8/2015,15
4/9/2015,17
4/10/2015,17
4/11/2015,23
4/12/2015,18
4/13/2015,17
4/14/2015,18
4/15/2015,20
4/16/2015,17
4/17/2015,18
4/18/2015,9
4/19/2015,24
4/20/2015,9
4/21/2015,18
4/22/2015,12
4/23/2015,16
4/24/2015,17
4/25/2015,19
4/26/2015,21
4/27/2015,13
4/28/2015,14
4/29/2015,18
4/30/2015,17
5/1/2015,20
5/2/2015,17
5/3/2015,24
5/4/2015,9
5/5/2015,26
5/6/2015,14
5/7/2015,22
5/8/2015,12
5/9/2015,18
5/10/2015,18
5/11/2015,7
5/12/2015,12
5/13/2015,11
5/14/2015,16
5/15/2015,20
5/16/2015,19
5/17/2015,21
5/18/2015,11
5/19/2015,10
5/20/2015,19
5/21/2015,12
5/22/2015,17
5/23/2015,18
5/24/2015,15
5/25/2015,13
5/26/2015,20
5/27/2015,17
5/28/2015,24
5/29/2015,17
5/30/2015,13
5/31/2015,29
6/1/2015,12
6/2/2015,14
6/3/2015,20
6/4/2015,12
6/5/2015,21
6/6/2015,14
6/7/2015,33
6/8/2015,10
6/9/2015,19
6/10/2015,18
6/11/2015,13
6/12/2015,22
6/13/2015,22
6/14/2015,21
6/15/2015,13
6/16/2015,20
6/17/2015,14
6/18/2015,16
6/19/2015,10
6/20/2015,14
6/21/2015,10
6/22/2015,12
6/23/2015,21
6/24/2015,13
6/25/2015,12
6/26/2015,21
6/27/2015,18
6/28/2015,20
6/29/2015,10
6/30/2015,15
7/1/2015,15
7/2/2015,21
7/3/2015,24
7/4/2015,22
7/5/2015,24
7/6/2015,15
7/7/2015,15
7/8/2015,20
7/9/2015,30
7/10/2015,21
7/11/2015,28
7/12/2015,30
7/13/2015,20
7/14/2015,19
7/15/2015,22
7/16/2015,17
7/17/2015,19
7/18/2015,27
7/19/2015,21
7/20/2015,14
7/21/2015,19
7/22/2015,13
7/23/2015,21
7/24/2015,21
7/25/2015,27
7/26/2015,19
7/27/2015,23
7/28/2015,20
7/29/2015,23
7/30/2015,14
7/31/2015,18
8/1/2015,10
8/2/2015,14
8/3/2015,17
8/4/2015,9
8/5/2015,24
8/6/2015,16
8/7/2015,11
8/8/2015,13
8/9/2015,23
8/10/2015,7
8/11/2015,16
8/12/2015,16
8/13/2015,18
8/14/2015,20
8/15/2015,22
8/16/2015,21
8/17/2015,8
8/18/2015,11
8/19/2015,9
8/20/2015,16
8/21/2015,17
8/22/2015,25
8/23/2015,13
8/24/2015,17
8/25/2015,15
8/26/2015,8
8/27/2015,21
8/28/2015,26
8/29/2015,12
8/30/2015,24
8/31/2015,14
9/1/2015,17
9/2/2015,14
9/3/2015,18
9/4/2015,17
9/5/2015,18
9/6/2015,16
9/7/2015,10
9/8/2015,17
9/9/2015,12
9/10/2015,11
9/11/2015,13
9/12/2015,15
9/13/2015,19
9/14/2015,9
9/15/2015,13
9/16/2015,16
9/17/2015,11
9/18/2015,18
9/19/2015,12
9/20/2015,21
9/21/2015,10
9/22/2015,11
9/23/2015,22
9/24/2015,14
9/25/2015,14
9/26/2015,20
9/27/2015,20
9/28/2015,8
9/29/2015,16
9/30/2015,10
10/1/2015,20
10/2/2015,9
10/3/2015,16
10/4/2015,21
10/5/2015,16
10/6/2015,12
10/7/2015,11
10/8/2015,14
10/9/2015,16
10/10/2015,13
10/11/2015,27
10/12/2015,10
10/13/2015,17
10/14/2015,11
10/15/2015,13
10/16/2015,13
10/17/2015,19
10/18/2015,22
10/19/2015,14
10/20/2015,16
10/21/2015,15
10/22/2015,16
10/23/2015,18
10/24/2015,12
10/25/2015,21
10/26/2015,8
10/27/2015,14
10/28/2015,14
10/29/2015,14
10/30/2015,12
10/31/2015,15
11/1/2015,10
11/2/2015,12
11/3/2015,13
11/4/2015,12
11/5/2015,16
11/6/2015,17
11/7/2015,22
11/8/2015,21
11/9/2015,11
11/10/2015,11
11/11/2015,17
11/12/2015,22
11/13/2015,18
11/14/2015,20
11/15/2015,14
11/16/2015,13
11/17/2015,15
11/18/2015,11
11/19/2015,15
11/20/2015,18
11/21/2015,14
11/22/2015,26
11/23/2015,8
11/24/2015,19
11/25/2015,14
11/26/2015,14
11/27/2015,13
11/28/2015,18
11/29/2015,17
11/30/2015,11
12/1/2015,10
12/2/2015,19
12/3/2015,15
12/4/2015,10
12/5/2015,8
12/6/2015,14
12/7/2015,11
12/8/2015,11
12/9/2015,11
12/10/2015,10
12/11/2015,9
12/12/2015,10
12/13/2015,8
12/14/2015,8
12/15/2015,12
12/16/2015,17
12/17/2015,10
12/18/2015,8
12/19/2015,5
12/20/2015,13
12/21/2015,7
12/22/2015,10
12/23/2015,13
12/24/2015,13
12/25/2015,14
12/26/2015,17
12/27/2015,9
12/28/2015,7
12/29/2015,8
12/30/2015,9
12/31/2015,1
1/1/2016,15
1/2/2016,13
1/3/2016,20
1/4/2016,10
1/5/2016,9
1/6/2016,8
1/7/2016,6
1/8/2016,14
1/9/2016,15
1/10/2016,14
1/11/2016,13
1/12/2016,5
1/13/2016,16
1/14/2016,12
1/15/2016,13
1/16/2016,11
1/17/2016,17
1/18/2016,11
1/19/2016,7
1/20/2016,14
1/21/2016,6
1/22/2016,17
1/23/2016,15
1/24/2016,11
1/25/2016,7
1/26/2016,13
1/27/2016,10
1/28/2016,11
1/29/2016,13
1/30/2016,8
1/31/2016,14
2/1/2016,6
2/2/2016,13
2/3/2016,11
2/4/2016,18
2/5/2016,9
2/6/2016,16
2/7/2016,19
2/8/2016,6
2/9/2016,12
2/10/2016,13
2/11/2016,10
2/12/2016,14
2/13/2016,9
2/14/2016,10
2/15/2016,10
2/16/2016,14
2/17/2016,9
2/18/2016,11
2/19/2016,20
2/20/2016,20
2/21/2016,9
2/22/2016,8
2/23/2016,12
2/24/2016,13
2/25/2016,14
2/26/2016,20
2/27/2016,14
2/28/2016,20
2/29/2016,8
3/1/2016,7
3/2/2016,14
3/3/2016,11
3/4/2016,17
3/5/2016,15
3/6/2016,17
3/7/2016,10
3/8/2016,9
3/9/2016,11
3/10/2016,16
3/11/2016,11
3/12/2016,20
3/13/2016,15
3/14/2016,15
3/15/2016,8
3/16/2016,12
3/17/2016,21
3/18/2016,19
3/19/2016,15
3/20/2016,19
3/21/2016,5
3/22/2016,11
3/23/2016,10
3/24/2016,10
3/25/2016,12
3/26/2016,20
3/27/2016,14
3/28/2016,14
3/29/2016,14
3/30/2016,13
3/31/2016,8
4/1/2016,27
4/2/2016,23
4/3/2016,23
4/4/2016,19
4/5/2016,12
4/6/2016,20
4/7/2016,20
4/8/2016,11
4/9/2016,19
4/10/2016,24
4/11/2016,11
4/12/2016,11
4/13/2016,14
4/14/2016,21
4/15/2016,14
4/16/2016,18
4/17/2016,25
4/18/2016,9
4/19/2016,23
4/20/2016,23
4/21/2016,17
4/22/2016,20
4/23/2016,20
4/24/2016,36
4/25/2016,13
4/26/2016,17
4/27/2016,20
4/28/2016,22
4/29/2016,13
4/30/2016,16
5/1/2016,19
5/2/2016,17
5/3/2016,14
5/4/2016,15
5/5/2016,14
5/6/2016,23
5/7/2016,20
5/8/2016,14
5/9/2016,19
5/10/2016,26
5/11/2016,20
5/12/2016,17
5/13/2016,24
5/14/2016,24
5/15/2016,22
5/16/2016,15
5/17/2016,10
5/18/2016,21
5/19/2016,19
5/20/2016,15
5/21/2016,15
5/22/2016,24
5/23/2016,8
5/24/2016,18
5/25/2016,14
5/26/2016,15
5/27/2016,16
5/28/2016,22
5/29/2016,29
5/30/2016,16
5/31/2016,13
6/1/2016,15
6/2/2016,20
6/3/2016,22
6/4/2016,13
6/5/2016,32
6/6/2016,10
6/7/2016,15
6/8/2016,15
6/9/2016,24
6/10/2016,18
6/11/2016,27
6/12/2016,35
6/13/2016,15
6/14/2016,17
6/15/2016,20
6/16/2016,15
6/17/2016,20
6/18/2016,26
6/19/2016,14
6/20/2016,17
6/21/2016,17
6/22/2016,21
6/23/2016,31
6/24/2016,25
6/25/2016,26
6/26/2016,25
6/27/2016,18
6/28/2016,26
6/29/2016,21
6/30/2016,27
7/1/2016,21
7/2/2016,28
7/3/2016,27
7/4/2016,21
7/5/2016,16
7/6/2016,13
7/7/2016,16
7/8/2016,28
7/9/2016,30
7/10/2016,33
7/11/2016,18
7/12/2016,18
7/13/2016,21
7/14/2016,27
7/15/2016,19
7/16/2016,25
7/17/2016,20
7/18/2016,11
7/19/2016,21
7/20/2016,20
7/21/2016,22
7/22/2016,16
7/23/2016,21
7/24/2016,15
7/25/2016,23
7/26/2016,29
7/27/2016,21
7/28/2016,30
7/29/2016,13
7/30/2016,16
7/31/2016,20
8/1/2016,16
8/2/2016,17
8/3/2016,19
8/4/2016,12
8/5/2016,22
8/6/2016,22
8/7/2016,22
8/8/2016,17
8/9/2016,17
8/10/2016,19
8/11/2016,14
8/12/2016,18
8/13/2016,32
8/14/2016,18
8/15/2016,15
8/16/2016,20
8/17/2016,16
8/18/2016,18
8/19/2016,15
8/20/2016,17
8/21/2016,18
8/22/2016,17
8/23/2016,17
8/24/2016,14
8/25/2016,14
8/26/2016,17
8/27/2016,17
8/28/2016,28
8/29/2016,13
8/30/2016,12
8/31/2016,18
9/1/2016,22
9/2/2016,15
9/3/2016,14
9/4/2016,22
9/5/2016,14
9/6/2016,20
9/7/2016,14
9/8/2016,17
9/9/2016,15
9/10/2016,18
9/11/2016,19
9/12/2016,10
9/13/2016,18
9/14/2016,14
9/15/2016,15
9/16/2016,17
9/17/2016,21
9/18/2016,17
9/19/2016,17
9/20/2016,14
9/21/2016,27
9/22/2016,22
9/23/2016,14
9/24/2016,20
9/25/2016,22
9/26/2016,11
9/27/2016,16
9/28/2016,14
9/29/2016,22
9/30/2016,14
10/1/2016,14
10/2/2016,15
10/3/2016,15
10/4/2016,16
10/5/2016,17
10/6/2016,19
10/7/2016,16
10/8/2016,24
10/9/2016,21
10/10/2016,20
10/11/2016,22
10/12/2016,19
10/13/2016,16
10/14/2016,17
10/15/2016,20
10/16/2016,19
10/17/2016,12
10/18/2016,14
10/19/2016,16
10/20/2016,16
10/21/2016,12
10/22/2016,23
10/23/2016,12
10/24/2016,11
10/25/2016,10
10/26/2016,16
10/27/2016,8
10/28/2016,15
10/29/2016,19
10/30/2016,13
10/31/2016,19
11/1/2016,21
11/2/2016,17
11/3/2016,17
11/4/2016,15
11/5/2016,16
11/6/2016,18
11/7/2016,15
11/8/2016,20
11/9/2016,21
11/10/2016,20
11/11/2016,11
11/12/2016,23
11/13/2016,28
11/14/2016,12
11/15/2016,15
11/16/2016,12
11/17/2016,14
11/18/2016,11
11/19/2016,19
11/20/2016,17
11/21/2016,11
11/22/2016,10
11/23/2016,16
11/24/2016,17
11/25/2016,13
11/26/2016,15
11/27/2016,17
11/28/2016,14
11/29/2016,16
11/30/2016,18
12/1/2016,13
12/2/2016,13
12/3/2016,13
12/4/2016,12
12/5/2016,10
12/6/2016,12
12/7/2016,15
12/8/2016,8
12/9/2016,8
12/10/2016,11
12/11/2016,12
12/12/2016,8
12/13/2016,11
12/14/2016,15
12/15/2016,11
12/16/2016,8
12/17/2016,10
12/18/2016,25
12/19/2016,12
12/20/2016,9
12/21/2016,16
12/22/2016,11
12/23/2016,15
12/24/2016,22
12/25/2016,20
12/26/2016,10
12/27/2016,15
12/28/2016,8
12/29/2016,14
12/30/2016,13
12/31/2016,12
1/1/2017,15
1/2/2017,6
1/3/2017,8
1/4/2017,8
1/5/2017,13
1/6/2017,17
1/7/2017,8
1/8/2017,21
1/9/2017,8
1/10/2017,8
1/11/2017,17
1/12/2017,14
1/13/2017,13
1/14/2017,13
1/15/2017,14
1/16/2017,8
1/17/2017,10
1/18/2017,14
1/19/2017,10
1/20/2017,12
1/21/2017,13
1/22/2017,11
1/23/2017,5
1/24/2017,8
1/25/2017,13
1/26/2017,15
1/27/2017,13
1/28/2017,12
1/29/2017,10
1/30/2017,10
1/31/2017,9
2/1/2017,14
2/2/2017,16
2/3/2017,8
2/4/2017,10
2/5/2017,21
2/6/2017,6
2/7/2017,14
2/8/2017,21
2/9/2017,12
2/10/2017,14
2/11/2017,20
2/12/2017,16
2/13/2017,8
2/14/2017,24
2/15/2017,10
2/16/2017,15
2/17/2017,17
2/18/2017,14
2/19/2017,15
2/20/2017,8
2/21/2017,14
2/22/2017,8
2/23/2017,10
2/24/2017,14
2/25/2017,13
2/26/2017,14
2/27/2017,12
2/28/2017,10
3/1/2017,15
3/2/2017,13
3/3/2017,22
3/4/2017,19
3/5/2017,10
3/6/2017,11
3/7/2017,9
3/8/2017,17
3/9/2017,15
3/10/2017,13
3/11/2017,23
3/12/2017,23
3/13/2017,13
3/14/2017,18
3/15/2017,17
3/16/2017,8
3/17/2017,24
3/18/2017,19
3/19/2017,15
3/20/2017,6
3/21/2017,12
3/22/2017,20
3/23/2017,15
3/24/2017,14
3/25/2017,11
3/26/2017,19
3/27/2017,14
3/28/2017,13
3/29/2017,12
3/30/2017,15
3/31/2017,20
4/1/2017,25
4/2/2017,19
4/3/2017,16
4/4/2017,16
4/5/2017,15
4/6/2017,12
4/7/2017,12
4/8/2017,29
4/9/2017,23
4/10/2017,18
4/11/2017,19
4/12/2017,15
4/13/2017,20
4/14/2017,30
4/15/2017,30
4/16/2017,26
4/17/2017,14
4/18/2017,15
4/19/2017,23
4/20/2017,13
4/21/2017,27
4/22/2017,19
4/23/2017,27
4/24/2017,14
4/25/2017,18
4/26/2017,12
4/27/2017,14
4/28/2017,16
4/29/2017,18
4/30/2017,22
5/1/2017,15
5/2/2017,23
5/3/2017,17
5/4/2017,16
5/5/2017,28
5/6/2017,19
5/7/2017,31
5/8/2017,15
5/9/2017,14
5/10/2017,17
5/11/2017,18
5/12/2017,18
5/13/2017,19
5/14/2017,24
5/15/2017,16
5/16/2017,19
5/17/2017,14
5/18/2017,17
5/19/2017,20
5/20/2017,21
5/21/2017,19
5/22/2017,17
5/23/2017,22
5/24/2017,15
5/25/2017,28
5/26/2017,24
5/27/2017,20
5/28/2017,27
5/29/2017,23
5/30/2017,22
5/31/2017,15
6/1/2017,22
6/2/2017,17
6/3/2017,16
6/4/2017,19
6/5/2017,16
6/6/2017,22
6/7/2017,24
6/8/2017,22
6/9/2017,22
6/10/2017,18
6/11/2017,18
6/12/2017,17
6/13/2017,19
6/14/2017,23
6/15/2017,21
6/16/2017,21
6/17/2017,30
6/18/2017,22
6/19/2017,17
6/20/2017,18
6/21/2017,21
6/22/2017,31
6/23/2017,24
6/24/2017,21
6/25/2017,30
6/26/2017,10
6/27/2017,9
6/28/2017,21
6/29/2017,23
6/30/2017,23
7/1/2017,23
7/2/2017,19
7/3/2017,23
7/4/2017,21
7/5/2017,20
7/6/2017,16
7/7/2017,30
7/8/2017,26
7/9/2017,27
7/10/2017,15
7/11/2017,9
7/12/2017,22
7/13/2017,27
7/14/2017,27
7/15/2017,34
7/16/2017,22
7/17/2017,26
7/18/2017,17
7/19/2017,21
7/20/2017,22
7/21/2017,28
7/22/2017,27
7/23/2017,30
7/24/2017,15
7/25/2017,19
7/26/2017,27
7/27/2017,22
7/28/2017,18
7/29/2017,19
7/30/2017,29
7/31/2017,17
8/1/2017,18
8/2/2017,19
8/3/2017,19
8/4/2017,19
8/5/2017,26
8/6/2017,14
8/7/2017,20
8/8/2017,18
8/9/2017,21
8/10/2017,16
8/11/2017,21
8/12/2017,16
8/13/2017,18
8/14/2017,10
8/15/2017,16
8/16/2017,18
8/17/2017,19
8/18/2017,18
8/19/2017,15
8/20/2017,25
8/21/2017,14
8/22/2017,22
8/23/2017,18
8/24/2017,21
8/25/2017,21
8/26/2017,25
8/27/2017,14
8/28/2017,19
8/29/2017,9
8/30/2017,23
8/31/2017,22
9/1/2017,10
9/2/2017,18
9/3/2017,20
9/4/2017,9
9/5/2017,16
9/6/2017,17
9/7/2017,24
9/8/2017,20
9/9/2017,28
9/10/2017,24
9/11/2017,15
9/12/2017,16
9/13/2017,17
9/14/2017,23
9/15/2017,17
9/16/2017,18
9/17/2017,26
9/18/2017,14
9/19/2017,17
9/20/2017,14
9/21/2017,11
9/22/2017,19
9/23/2017,17
9/24/2017,23
9/25/2017,22
9/26/2017,14
9/27/2017,26
9/28/2017,11
9/29/2017,17
9/30/2017,17
10/1/2017,23
10/2/2017,9
10/3/2017,15
10/4/2017,13
10/5/2017,18
10/6/2017,18
10/7/2017,19
10/8/2017,13
10/9/2017,10
10/10/2017,19
10/11/2017,22
10/12/2017,21
10/13/2017,29
10/14/2017,18
10/15/2017,21
10/16/2017,12
10/17/2017,13
10/18/2017,16
10/19/2017,19
10/20/2017,16
10/21/2017,23
10/22/2017,10
10/23/2017,15
10/24/2017,15
10/25/2017,15
10/26/2017,12
10/27/2017,13
10/28/2017,18
10/29/2017,19
10/30/2017,16
10/31/2017,8
11/1/2017,15
11/2/2017,13
11/3/2017,17
11/4/2017,20
11/5/2017,21
11/6/2017,20
11/7/2017,13
11/8/2017,19
11/9/2017,18
11/10/2017,13
11/11/2017,28
11/12/2017,16
11/13/2017,8
11/14/2017,21
11/15/2017,12
11/16/2017,12
11/17/2017,21
11/18/2017,15
11/19/2017,25
11/20/2017,7
11/21/2017,16
11/22/2017,16
11/23/2017,21
11/24/2017,18
11/25/2017,24
11/26/2017,26
11/27/2017,12
11/28/2017,15
11/29/2017,12
11/30/2017,29
12/1/2017,15
12/2/2017,17
12/3/2017,9
12/4/2017,9
12/5/2017,13
12/6/2017,15
12/7/2017,12
12/8/2017,21
12/9/2017,15
12/10/2017,17
12/11/2017,7
12/12/2017,10
12/13/2017,12
12/14/2017,14
12/15/2017,15
12/16/2017,12
12/17/2017,10
12/18/2017,10
12/19/2017,13
12/20/2017,10
12/21/2017,10
12/22/2017,12
12/23/2017,14
12/24/2017,13
12/25/2017,8
12/26/2017,9
12/27/2017,13
12/28/2017,18
12/29/2017,18
12/30/2017,17
12/31/2017,16
1/1/2013,16
1/2/2013,10
1/3/2013,12
1/4/2013,21
1/5/2013,15
1/6/2013,27
1/7/2013,9
1/8/2013,10
1/9/2013,11
1/10/2013,14
1/11/2013,14
1/12/2013,12
1/13/2013,16
1/14/2013,11
1/15/2013,15
1/16/2013,18
1/17/2013,14
1/18/2013,13
1/19/2013,13
1/20/2013,15
1/21/2013,10
1/22/2013,18
1/23/2013,18
1/24/2013,10
1/25/2013,8
1/26/2013,14
1/27/2013,22
1/28/2013,10
1/29/2013,15
1/30/2013,8
1/31/2013,12
2/1/2013,14
2/2/2013,20
2/3/2013,22
2/4/2013,16
2/5/2013,11
2/6/2013,10
2/7/2013,22
2/8/2013,15
2/9/2013,20
2/10/2013,20
2/11/2013,16
2/12/2013,18
2/13/2013,11
2/14/2013,13
2/15/2013,19
2/16/2013,17
2/17/2013,22
2/18/2013,11
2/19/2013,9
2/20/2013,15
2/21/2013,15
2/22/2013,19
2/23/2013,19
2/24/2013,22
2/25/2013,9
2/26/2013,18
2/27/2013,19
2/28/2013,16
3/1/2013,15
3/2/2013,31
3/3/2013,28
3/4/2013,18
3/5/2013,19
3/6/2013,14
3/7/2013,19
3/8/2013,19
3/9/2013,17
3/10/2013,28
3/11/2013,21
3/12/2013,20
3/13/2013,16
3/14/2013,21
3/15/2013,28
3/16/2013,12
3/17/2013,24
3/18/2013,15
3/19/2013,15
3/20/2013,15
3/21/2013,21
3/22/2013,25
3/23/2013,26
3/24/2013,23
3/25/2013,12
3/26/2013,20
3/27/2013,10
3/28/2013,22
3/29/2013,24
3/30/2013,26
3/31/2013,25
4/1/2013,18
4/2/2013,17
4/3/2013,25
4/4/2013,31
4/5/2013,26
4/6/2013,22
4/7/2013,28
4/8/2013,24
4/9/2013,12
4/10/2013,21
4/11/2013,22
4/12/2013,28
4/13/2013,26
4/14/2013,23
4/15/2013,20
4/16/2013,26
4/17/2013,20
4/18/2013,29
4/19/2013,16
4/20/2013,28
4/21/2013,34
4/22/2013,20
4/23/2013,22
4/24/2013,20
4/25/2013,25
4/26/2013,25
4/27/2013,18
4/28/2013,35
4/29/2013,13
4/30/2013,19
5/1/2013,14
5/2/2013,31
5/3/2013,24
5/4/2013,24
5/5/2013,26
5/6/2013,22
5/7/2013,32
5/8/2013,17
5/9/2013,31
5/10/2013,23
5/11/2013,32
5/12/2013,29
5/13/2013,13
5/14/2013,23
5/15/2013,26
5/16/2013,22
5/17/2013,29
5/18/2013,32
5/19/2013,28
5/20/2013,28
5/21/2013,22
5/22/2013,18
5/23/2013,26
5/24/2013,26
5/25/2013,40
5/26/2013,31
5/27/2013,18
5/28/2013,28
5/29/2013,24
5/30/2013,10
5/31/2013,18
6/1/2013,29
6/2/2013,35
6/3/2013,20
6/4/2013,22
6/5/2013,29
6/6/2013,26
6/7/2013,25
6/8/2013,28
6/9/2013,34
6/10/2013,25
6/11/2013,34
6/12/2013,28
6/13/2013,29
6/14/2013,30
6/15/2013,25
6/16/2013,35
6/17/2013,22
6/18/2013,25
6/19/2013,28
6/20/2013,31
6/21/2013,28
6/22/2013,30
6/23/2013,27
6/24/2013,22
6/25/2013,21
6/26/2013,27
6/27/2013,26
6/28/2013,28
6/29/2013,33
6/30/2013,29
7/1/2013,23
7/2/2013,21
7/3/2013,26
7/4/2013,36
7/5/2013,34
7/6/2013,33
7/7/2013,31
7/8/2013,24
7/9/2013,30
7/10/2013,30
7/11/2013,24
7/12/2013,38
7/13/2013,38
7/14/2013,40
7/15/2013,29
7/16/2013,28
7/17/2013,15
7/18/2013,31
7/19/2013,29
7/20/2013,26
7/21/2013,34
7/22/2013,21
7/23/2013,30
7/24/2013,27
7/25/2013,36
7/26/2013,30
7/27/2013,33
7/28/2013,30
7/29/2013,13
7/30/2013,27
7/31/2013,24
8/1/2013,25
8/2/2013,21
8/3/2013,30
8/4/2013,32
8/5/2013,24
8/6/2013,27
8/7/2013,24
8/8/2013,21
8/9/2013,31
8/10/2013,26
8/11/2013,21
8/12/2013,20
8/13/2013,25
8/14/2013,29
8/15/2013,32
8/16/2013,34
8/17/2013,24
8/18/2013,24
8/19/2013,21
8/20/2013,18
8/21/2013,27
8/22/2013,24
8/23/2013,31
8/24/2013,23
8/25/2013,33
8/26/2013,27
8/27/2013,20
8/28/2013,27
8/29/2013,26
8/30/2013,22
8/31/2013,18
9/1/2013,32
9/2/2013,21
9/3/2013,25
9/4/2013,19
9/5/2013,23
9/6/2013,35
9/7/2013,21
9/8/2013,29
9/9/2013,16
9/10/2013,24
9/11/2013,31
9/12/2013,21
9/13/2013,28
9/14/2013,34
9/15/2013,24
9/16/2013,19
9/17/2013,14
9/18/2013,14
9/19/2013,22
9/20/2013,12
9/21/2013,22
9/22/2013,24
9/23/2013,18
9/24/2013,22
9/25/2013,21
9/26/2013,23
9/27/2013,12
9/28/2013,22
9/29/2013,22
9/30/2013,14
10/1/2013,17
10/2/2013,28
10/3/2013,21
10/4/2013,29
10/5/2013,23
10/6/2013,37
10/7/2013,19
10/8/2013,25
10/9/2013,25
10/10/2013,23
10/11/2013,30
10/12/2013,22
10/13/2013,19
10/14/2013,18
10/15/2013,21
10/16/2013,19
10/17/2013,29
10/18/2013,22
10/19/2013,31
10/20/2013,18
10/21/2013,13
10/22/2013,20
10/23/2013,21
10/24/2013,28
10/25/2013,20
10/26/2013,20
10/27/2013,33
10/28/2013,17
10/29/2013,12
10/30/2013,24
10/31/2013,26
11/1/2013,30
11/2/2013,31
11/3/2013,34
11/4/2013,16
11/5/2013,21
11/6/2013,17
11/7/2013,18
11/8/2013,18
11/9/2013,32
11/10/2013,32
11/11/2013,15
11/12/2013,15
11/13/2013,25
11/14/2013,17
11/15/2013,25
11/16/2013,26
11/17/2013,33
11/18/2013,14
11/19/2013,29
11/20/2013,25
11/21/2013,27
11/22/2013,20
11/23/2013,27
11/24/2013,29
11/25/2013,21
11/26/2013,25
11/27/2013,28
11/28/2013,21
11/29/2013,25
11/30/2013,32
12/1/2013,26
12/2/2013,18
12/3/2013,10
12/4/2013,29
12/5/2013,13
12/6/2013,14
12/7/2013,15
12/8/2013,19
12/9/2013,14
12/10/2013,13
12/11/2013,14
12/12/2013,18
12/13/2013,19
12/14/2013,16
12/15/2013,18
12/16/2013,8
12/17/2013,16
12/18/2013,24
12/19/2013,7
12/20/2013,19
12/21/2013,21
12/22/2013,19
12/23/2013,20
12/24/2013,19
12/25/2013,12
12/26/2013,13
12/27/2013,31
12/28/2013,15
12/29/2013,25
12/30/2013,14
12/31/2013,14
1/1/2014,7
1/2/2014,16
1/3/2014,14
1/4/2014,13
1/5/2014,28
1/6/2014,16
1/7/2014,9
1/8/2014,13
1/9/2014,17
1/10/2014,18
1/11/2014,12
1/12/2014,23
1/13/2014,9
1/14/2014,11
1/15/2014,8
1/16/2014,17
1/17/2014,12
1/18/2014,19
1/19/2014,23
1/20/2014,11
1/21/2014,16
1/22/2014,19
1/23/2014,16
1/24/2014,18
1/25/2014,10
1/26/2014,13
1/27/2014,14
1/28/2014,13
1/29/2014,22
1/30/2014,20
1/31/2014,18
2/1/2014,20
2/2/2014,20
2/3/2014,15
2/4/2014,16
2/5/2014,16
2/6/2014,23
2/7/2014,19
2/8/2014,23
2/9/2014,27
2/10/2014,16
2/11/2014,22
2/12/2014,13
2/13/2014,11
2/14/2014,27
2/15/2014,17
2/16/2014,21
2/17/2014,14
2/18/2014,16
2/19/2014,19
2/20/2014,27
2/21/2014,20
2/22/2014,18
2/23/2014,23
2/24/2014,16
2/25/2014,18
2/26/2014,20
2/27/2014,19
2/28/2014,19
3/1/2014,20
3/2/2014,28
3/3/2014,22
3/4/2014,20
3/5/2014,19
3/6/2014,29
3/7/2014,24
3/8/2014,36
3/9/2014,20
3/10/2014,17
3/11/2014,18
3/12/2014,16
3/13/2014,27
3/14/2014,24
3/15/2014,22
3/16/2014,28
3/17/2014,20
3/18/2014,16
3/19/2014,11
3/20/2014,22
3/21/2014,22
3/22/2014,39
3/23/2014,26
3/24/2014,26
3/25/2014,24
3/26/2014,19
3/27/2014,15
3/28/2014,21
3/29/2014,33
3/30/2014,34
3/31/2014,16
4/1/2014,24
4/2/2014,27
4/3/2014,20
4/4/2014,29
4/5/2014,36
4/6/2014,46
4/7/2014,20
4/8/2014,26
4/9/2014,25
4/10/2014,31
4/11/2014,21
4/12/2014,31
4/13/2014,26
4/14/2014,20
4/15/2014,16
4/16/2014,29
4/17/2014,24
4/18/2014,24
4/19/2014,34
4/20/2014,33
4/21/2014,23
4/22/2014,23
4/23/2014,33
4/24/2014,31
4/25/2014,35
4/26/2014,35
4/27/2014,32
4/28/2014,18
4/29/2014,33
4/30/2014,27
5/1/2014,26
5/2/2014,36
5/3/2014,35
5/4/2014,32
5/5/2014,28
5/6/2014,31
5/7/2014,18
5/8/2014,21
5/9/2014,34
5/10/2014,18
5/11/2014,38
5/12/2014,21
5/13/2014,28
5/14/2014,33
5/15/2014,27
5/16/2014,25
5/17/2014,42
5/18/2014,32
5/19/2014,17
5/20/2014,24
5/21/2014,24
5/22/2014,35
5/23/2014,32
5/24/2014,38
5/25/2014,38
5/26/2014,16
5/27/2014,31
5/28/2014,33
5/29/2014,27
5/30/2014,24
5/31/2014,20
6/1/2014,35
6/2/2014,20
6/3/2014,26
6/4/2014,29
6/5/2014,24
6/6/2014,29
6/7/2014,47
6/8/2014,37
6/9/2014,31
6/10/2014,28
6/11/2014,37
6/12/2014,23
6/13/2014,34
6/14/2014,42
6/15/2014,44
6/16/2014,29
6/17/2014,40
6/18/2014,30
6/19/2014,42
6/20/2014,39
6/21/2014,34
6/22/2014,34
6/23/2014,27
6/24/2014,26
6/25/2014,22
6/26/2014,25
6/27/2014,28
6/28/2014,32
6/29/2014,36
6/30/2014,24
7/1/2014,28
7/2/2014,35
7/3/2014,29
7/4/2014,40
7/5/2014,36
7/6/2014,39
7/7/2014,22
7/8/2014,24
7/9/2014,27
7/10/2014,30
7/11/2014,44
7/12/2014,45
7/13/2014,42
7/14/2014,30
7/15/2014,30
7/16/2014,34
7/17/2014,33
7/18/2014,37
7/19/2014,32
7/20/2014,51
7/21/2014,40
7/22/2014,29
7/23/2014,39
7/24/2014,30
7/25/2014,40
7/26/2014,38
7/27/2014,44
7/28/2014,32
7/29/2014,34
7/30/2014,41
7/31/2014,21
8/1/2014,31
8/2/2014,34
8/3/2014,34
8/4/2014,23
8/5/2014,25
8/6/2014,23
8/7/2014,35
8/8/2014,44
8/9/2014,43
8/10/2014,24
8/11/2014,28
8/12/2014,19
8/13/2014,26
8/14/2014,19
8/15/2014,36
8/16/2014,32
8/17/2014,49
8/18/2014,23
8/19/2014,28
8/20/2014,24
8/21/2014,24
8/22/2014,31
8/23/2014,34
8/24/2014,50
8/25/2014,29
8/26/2014,27
8/27/2014,22
8/28/2014,28
8/29/2014,38
8/30/2014,35
8/31/2014,36
9/1/2014,19
9/2/2014,27
9/3/2014,21
9/4/2014,27
9/5/2014,18
9/6/2014,35
9/7/2014,36
9/8/2014,25
9/9/2014,17
9/10/2014,31
9/11/2014,23
9/12/2014,22
9/13/2014,24
9/14/2014,35
9/15/2014,22
9/16/2014,21
9/17/2014,29
9/18/2014,26
9/19/2014,27
9/20/2014,34
9/21/2014,18
9/22/2014,18
9/23/2014,24
9/24/2014,28
9/25/2014,25
9/26/2014,35
9/27/2014,19
9/28/2014,29
9/29/2014,17
9/30/2014,25
10/1/2014,27
10/2/2014,24
10/3/2014,30
10/4/2014,28
10/5/2014,42
10/6/2014,26
10/7/2014,25
10/8/2014,30
10/9/2014,26
10/10/2014,32
10/11/2014,20
10/12/2014,27
10/13/2014,13
10/14/2014,28
10/15/2014,22
10/16/2014,25
10/17/2014,26
10/18/2014,30
10/19/2014,33
10/20/2014,18
10/21/2014,29
10/22/2014,18
10/23/2014,37
10/24/2014,16
10/25/2014,33
10/26/2014,36
10/27/2014,16
10/28/2014,23
10/29/2014,29
10/30/2014,30
10/31/2014,22
11/1/2014,30
11/2/2014,39
11/3/2014,26
11/4/2014,21
11/5/2014,25
11/6/2014,29
11/7/2014,37
11/8/2014,30
11/9/2014,32
11/10/2014,18
11/11/2014,30
11/12/2014,28
11/13/2014,29
11/14/2014,34
11/15/2014,32
11/16/2014,28
11/17/2014,20
11/18/2014,23
11/19/2014,25
11/20/2014,35
11/21/2014,35
11/22/2014,34
11/23/2014,35
11/24/2014,18
11/25/2014,23
11/26/2014,20
11/27/2014,27
11/28/2014,36
11/29/2014,29
11/30/2014,22
12/1/2014,21
12/2/2014,13
12/3/2014,15
12/4/2014,13
12/5/2014,17
12/6/2014,32
12/7/2014,15
12/8/2014,10
12/9/2014,10
12/10/2014,20
12/11/2014,24
12/12/2014,21
12/13/2014,21
12/14/2014,24
12/15/2014,17
12/16/2014,14
12/17/2014,18
12/18/2014,19
12/19/2014,16
12/20/2014,20
12/21/2014,26
12/22/2014,15
12/23/2014,19
12/24/2014,25
12/25/2014,17
12/26/2014,22
12/27/2014,28
12/28/2014,34
12/29/2014,13
12/30/2014,21
12/31/2014,21
1/1/2015,13
1/2/2015,17
1/3/2015,16
1/4/2015,21
1/5/2015,20
1/6/2015,20
1/7/2015,18
1/8/2015,13
1/9/2015,22
1/10/2015,11
1/11/2015,25
1/12/2015,20
1/13/2015,17
1/14/2015,11
1/15/2015,14
1/16/2015,15
1/17/2015,28
1/18/2015,22
1/19/2015,15
1/20/2015,21
1/21/2015,19
1/22/2015,9
1/23/2015,31
1/24/2015,21
1/25/2015,19
1/26/2015,16
1/27/2015,25
1/28/2015,14
1/29/2015,24
1/30/2015,20
1/31/2015,25
2/1/2015,30
2/2/2015,16
2/3/2015,19
2/4/2015,20
2/5/2015,28
2/6/2015,21
2/7/2015,28
2/8/2015,31
2/9/2015,18
2/10/2015,25
2/11/2015,21
2/12/2015,23
2/13/2015,20
2/14/2015,23
2/15/2015,24
2/16/2015,19
2/17/2015,23
2/18/2015,15
2/19/2015,21
2/20/2015,23
2/21/2015,28
2/22/2015,26
2/23/2015,10
2/24/2015,18
2/25/2015,21
2/26/2015,17
2/27/2015,24
2/28/2015,22
3/1/2015,26
3/2/2015,21
3/3/2015,22
3/4/2015,13
3/5/2015,29
3/6/2015,22
3/7/2015,27
3/8/2015,23
3/9/2015,18
3/10/2015,29
3/11/2015,30
3/12/2015,24
3/13/2015,23
3/14/2015,40
3/15/2015,29
3/16/2015,20
3/17/2015,23
3/18/2015,17
3/19/2015,13
3/20/2015,16
3/21/2015,26
3/22/2015,26
3/23/2015,17
3/24/2015,25
3/25/2015,23
3/26/2015,21
3/27/2015,29
3/28/2015,33
3/29/2015,34
3/30/2015,13
3/31/2015,18
4/1/2015,22
4/2/2015,24
4/3/2015,38
4/4/2015,34
4/5/2015,26
4/6/2015,28
4/7/2015,28
4/8/2015,31
4/9/2015,29
4/10/2015,30
4/11/2015,31
4/12/2015,37
4/13/2015,22
4/14/2015,36
4/15/2015,30
4/16/2015,30
4/17/2015,28
4/18/2015,30
4/19/2015,41
4/20/2015,17
4/21/2015,26
4/22/2015,35
4/23/2015,29
4/24/2015,33
4/25/2015,32
4/26/2015,35
4/27/2015,20
4/28/2015,31
4/29/2015,22
4/30/2015,31
5/1/2015,46
5/2/2015,41
5/3/2015,37
5/4/2015,24
5/5/2015,30
5/6/2015,30
5/7/2015,19
5/8/2015,27
5/9/2015,25
5/10/2015,33
5/11/2015,22
5/12/2015,25
5/13/2015,32
5/14/2015,24
5/15/2015,38
5/16/2015,38
5/17/2015,35
5/18/2015,19
5/19/2015,30
5/20/2015,26
5/21/2015,30
5/22/2015,43
5/23/2015,24
5/24/2015,28
5/25/2015,36
5/26/2015,27
5/27/2015,28
5/28/2015,30
5/29/2015,32
5/30/2015,27
5/31/2015,27
6/1/2015,32
6/2/2015,30
6/3/2015,24
6/4/2015,39
6/5/2015,42
6/6/2015,36
6/7/2015,29
6/8/2015,22
6/9/2015,26
6/10/2015,29
6/11/2015,30
6/12/2015,42
6/13/2015,46
6/14/2015,48
6/15/2015,22
6/16/2015,32
6/17/2015,22
6/18/2015,49
6/19/2015,41
6/20/2015,38
6/21/2015,29
6/22/2015,27
6/23/2015,34
6/24/2015,30
6/25/2015,34
6/26/2015,36
6/27/2015,37
6/28/2015,40
6/29/2015,21
6/30/2015,28
7/1/2015,32
7/2/2015,34
7/3/2015,32
7/4/2015,33
7/5/2015,50
7/6/2015,25
7/7/2015,31
7/8/2015,35
7/9/2015,37
7/10/2015,30
7/11/2015,33
7/12/2015,42
7/13/2015,25
7/14/2015,30
7/15/2015,30
7/16/2015,24
7/17/2015,34
7/18/2015,40
7/19/2015,42
7/20/2015,30
7/21/2015,40
7/22/2015,22
7/23/2015,38
7/24/2015,33
7/25/2015,27
7/26/2015,37
7/27/2015,22
7/28/2015,32
7/29/2015,28
7/30/2015,38
7/31/2015,32
8/1/2015,35
8/2/2015,43
8/3/2015,24
8/4/2015,23
8/5/2015,28
8/6/2015,28
8/7/2015,33
8/8/2015,29
8/9/2015,47
8/10/2015,24
8/11/2015,29
8/12/2015,29
8/13/2015,27
8/14/2015,28
8/15/2015,43
8/16/2015,39
8/17/2015,34
8/18/2015,25
8/19/2015,18
8/20/2015,28
8/21/2015,41
8/22/2015,30
8/23/2015,39
8/24/2015,25
8/25/2015,32
8/26/2015,20
8/27/2015,29
8/28/2015,31
8/29/2015,23
8/30/2015,37
8/31/2015,23
9/1/2015,28
9/2/2015,21
9/3/2015,30
9/4/2015,41
9/5/2015,31
9/6/2015,37
9/7/2015,21
9/8/2015,32
9/9/2015,20
9/10/2015,26
9/11/2015,30
9/12/2015,35
9/13/2015,38
9/14/2015,28
9/15/2015,24
9/16/2015,35
9/17/2015,25
9/18/2015,29
9/19/2015,28
9/20/2015,33
9/21/2015,17
9/22/2015,36
9/23/2015,25
9/24/2015,20
9/25/2015,44
9/26/2015,30
9/27/2015,33
9/28/2015,26
9/29/2015,20
9/30/2015,36
10/1/2015,13
10/2/2015,28
10/3/2015,43
10/4/2015,25
10/5/2015,19
10/6/2015,24
10/7/2015,20
10/8/2015,29
10/9/2015,29
10/10/2015,20
10/11/2015,31
10/12/2015,14
10/13/2015,22
10/14/2015,24
10/15/2015,16
10/16/2015,19
10/17/2015,22
10/18/2015,26
10/19/2015,15
10/20/2015,24
10/21/2015,25
10/22/2015,30
10/23/2015,32
10/24/2015,30
10/25/2015,45
10/26/2015,30
10/27/2015,27
10/28/2015,30
10/29/2015,29
10/30/2015,26
10/31/2015,24
11/1/2015,38
11/2/2015,20
11/3/2015,31
11/4/2015,28
11/5/2015,27
11/6/2015,35
11/7/2015,24
11/8/2015,35
11/9/2015,19
11/10/2015,22
11/11/2015,22
11/12/2015,27
11/13/2015,40
11/14/2015,29
11/15/2015,29
11/16/2015,23
11/17/2015,40
11/18/2015,30
11/19/2015,31
11/20/2015,34
11/21/2015,32
11/22/2015,20
11/23/2015,23
11/24/2015,29
11/25/2015,20
11/26/2015,30
11/27/2015,29
11/28/2015,36
11/29/2015,38
11/30/2015,20
12/1/2015,18
12/2/2015,13
12/3/2015,19
12/4/2015,17
12/5/2015,23
12/6/2015,24
12/7/2015,14
12/8/2015,22
12/9/2015,21
12/10/2015,13
12/11/2015,24
12/12/2015,25
12/13/2015,19
12/14/2015,15
12/15/2015,17
12/16/2015,20
12/17/2015,20
12/18/2015,20
12/19/2015,31
12/20/2015,24
12/21/2015,22
12/22/2015,20
12/23/2015,23
12/24/2015,16
12/25/2015,20
12/26/2015,14
12/27/2015,24
12/28/2015,14
12/29/2015,19
12/30/2015,23
12/31/2015,18
1/1/2016,18
1/2/2016,29
1/3/2016,22
1/4/2016,25
1/5/2016,20
1/6/2016,14
1/7/2016,19
1/8/2016,15
1/9/2016,18
1/10/2016,13
1/11/2016,20
1/12/2016,21
1/13/2016,17
1/14/2016,18
1/15/2016,21
1/16/2016,22
1/17/2016,37
1/18/2016,20
1/19/2016,10
1/20/2016,19
1/21/2016,17
1/22/2016,21
1/23/2016,23
1/24/2016,21
1/25/2016,17
1/26/2016,10
1/27/2016,19
1/28/2016,20
1/29/2016,26
1/30/2016,31
1/31/2016,21
2/1/2016,11
2/2/2016,17
2/3/2016,20
2/4/2016,32
2/5/2016,29
2/6/2016,15
2/7/2016,27
2/8/2016,15
2/9/2016,26
2/10/2016,17
2/11/2016,27
2/12/2016,26
2/13/2016,22
2/14/2016,19
2/15/2016,10
2/16/2016,23
2/17/2016,21
2/18/2016,22
2/19/2016,20
2/20/2016,28
2/21/2016,18
2/22/2016,14
2/23/2016,17
2/24/2016,23
2/25/2016,30
2/26/2016,32
2/27/2016,23
2/28/2016,27
2/29/2016,10
3/1/2016,37
3/2/2016,22
3/3/2016,24
3/4/2016,30
3/5/2016,47
3/6/2016,37
3/7/2016,18
3/8/2016,18
3/9/2016,26
3/10/2016,16
3/11/2016,23
3/12/2016,27
3/13/2016,28
3/14/2016,24
3/15/2016,18
3/16/2016,33
3/17/2016,30
3/18/2016,29
3/19/2016,43
3/20/2016,37
3/21/2016,20
3/22/2016,36
3/23/2016,34
3/24/2016,26
3/25/2016,29
3/26/2016,31
3/27/2016,38
3/28/2016,21
3/29/2016,23
3/30/2016,30
3/31/2016,31
4/1/2016,42
4/2/2016,27
4/3/2016,24
4/4/2016,21
4/5/2016,28
4/6/2016,30
4/7/2016,23
4/8/2016,39
4/9/2016,35
4/10/2016,31
4/11/2016,30
4/12/2016,28
4/13/2016,37
4/14/2016,30
4/15/2016,42
4/16/2016,29
4/17/2016,50
4/18/2016,27
4/19/2016,21
4/20/2016,22
4/21/2016,32
4/22/2016,21
4/23/2016,39
4/24/2016,37
4/25/2016,24
4/26/2016,24
4/27/2016,28
4/28/2016,34
4/29/2016,40
4/30/2016,46
5/1/2016,47
5/2/2016,36
5/3/2016,29
5/4/2016,38
5/5/2016,47
5/6/2016,26
5/7/2016,35
5/8/2016,44
5/9/2016,31
5/10/2016,33
5/11/2016,44
5/12/2016,28
5/13/2016,48
5/14/2016,36
5/15/2016,35
5/16/2016,31
5/17/2016,26
5/18/2016,27
5/19/2016,43
5/20/2016,40
5/21/2016,29
5/22/2016,34
5/23/2016,11
5/24/2016,31
5/25/2016,21
5/26/2016,19
5/27/2016,33
5/28/2016,33
5/29/2016,35
5/30/2016,20
5/31/2016,27
6/1/2016,31
6/2/2016,31
6/3/2016,41
6/4/2016,50
6/5/2016,47
6/6/2016,25
6/7/2016,35
6/8/2016,45
6/9/2016,37
6/10/2016,38
6/11/2016,41
6/12/2016,50
6/13/2016,26
6/14/2016,34
6/15/2016,26
6/16/2016,23
6/17/2016,48
6/18/2016,44
6/19/2016,44
6/20/2016,28
6/21/2016,34
6/22/2016,30
6/23/2016,42
6/24/2016,43
6/25/2016,49
6/26/2016,41
6/27/2016,24
6/28/2016,37
6/29/2016,39
6/30/2016,24
7/1/2016,42
7/2/2016,39
7/3/2016,43
7/4/2016,42
7/5/2016,34
7/6/2016,40
7/7/2016,34
7/8/2016,44
7/9/2016,40
7/10/2016,52
7/11/2016,38
7/12/2016,24
7/13/2016,33
7/14/2016,26
7/15/2016,46
7/16/2016,41
7/17/2016,38
7/18/2016,26
7/19/2016,38
7/20/2016,29
7/21/2016,45
7/22/2016,36
7/23/2016,40
7/24/2016,41
7/25/2016,32
7/26/2016,32
7/27/2016,36
7/28/2016,29
7/29/2016,36
7/30/2016,47
7/31/2016,41
8/1/2016,28
8/2/2016,34
8/3/2016,31
8/4/2016,31
8/5/2016,32
8/6/2016,48
8/7/2016,30
8/8/2016,31
8/9/2016,40
8/10/2016,29
8/11/2016,32
8/12/2016,24
8/13/2016,33
8/14/2016,34
8/15/2016,24
8/16/2016,23
8/17/2016,41
8/18/2016,29
8/19/2016,36
8/20/2016,45
8/21/2016,42
8/22/2016,26
8/23/2016,39
8/24/2016,37
8/25/2016,34
8/26/2016,47
8/27/2016,44
8/28/2016,57
8/29/2016,34
8/30/2016,30
8/31/2016,31
9/1/2016,39
9/2/2016,29
9/3/2016,30
9/4/2016,35
9/5/2016,25
9/6/2016,26
9/7/2016,23
9/8/2016,24
9/9/2016,27
9/10/2016,37
9/11/2016,29
9/12/2016,21
9/13/2016,24
9/14/2016,37
9/15/2016,35
9/16/2016,39
9/17/2016,36
9/18/2016,34
9/19/2016,24
9/20/2016,31
9/21/2016,27
9/22/2016,23
9/23/2016,25
9/24/2016,31
9/25/2016,43
9/26/2016,20
9/27/2016,27
9/28/2016,36
9/29/2016,28
9/30/2016,38
10/1/2016,33
10/2/2016,31
10/3/2016,27
10/4/2016,27
10/5/2016,28
10/6/2016,19
10/7/2016,26
10/8/2016,24
10/9/2016,40
10/10/2016,20
10/11/2016,27
10/12/2016,25
10/13/2016,30
10/14/2016,37
10/15/2016,29
10/16/2016,36
10/17/2016,26
10/18/2016,31
10/19/2016,25
10/20/2016,18
10/21/2016,44
10/22/2016,38
10/23/2016,29
10/24/2016,29
10/25/2016,30
10/26/2016,27
10/27/2016,22
10/28/2016,27
10/29/2016,21
10/30/2016,28
10/31/2016,24
11/1/2016,25
11/2/2016,27
11/3/2016,33
11/4/2016,29
11/5/2016,34
11/6/2016,35
11/7/2016,23
11/8/2016,38
11/9/2016,18
11/10/2016,23
11/11/2016,31
11/12/2016,37
11/13/2016,41
11/14/2016,28
11/15/2016,26
11/16/2016,21
11/17/2016,23
11/18/2016,28
11/19/2016,15
11/20/2016,40
11/21/2016,20
11/22/2016,25
11/23/2016,32
11/24/2016,44
11/25/2016,38
11/26/2016,31
11/27/2016,44
11/28/2016,21
11/29/2016,39
11/30/2016,23
12/1/2016,20
12/2/2016,26
12/3/2016,34
12/4/2016,26
12/5/2016,17
12/6/2016,22
12/7/2016,23
12/8/2016,20
12/9/2016,16
12/10/2016,20
12/11/2016,22
12/12/2016,21
12/13/2016,16
12/14/2016,27
12/15/2016,15
12/16/2016,24
12/17/2016,22
12/18/2016,23
12/19/2016,20
12/20/2016,25
12/21/2016,17
12/22/2016,29
12/23/2016,22
12/24/2016,31
12/25/2016,18
12/26/2016,19
12/27/2016,18
12/28/2016,23
12/29/2016,17
12/30/2016,22
12/31/2016,22
1/1/2017,32
1/2/2017,18
1/3/2017,19
1/4/2017,24
1/5/2017,18
1/6/2017,22
1/7/2017,20
1/8/2017,14
1/9/2017,15
1/10/2017,15
1/11/2017,23
1/12/2017,18
1/13/2017,21
1/14/2017,23
1/15/2017,29
1/16/2017,15
1/17/2017,26
1/18/2017,20
1/19/2017,21
1/20/2017,23
1/21/2017,17
1/22/2017,24
1/23/2017,17
1/24/2017,17
1/25/2017,15
1/26/2017,16
1/27/2017,17
1/28/2017,23
1/29/2017,24
1/30/2017,21
1/31/2017,23
2/1/2017,19
2/2/2017,17
2/3/2017,22
2/4/2017,36
2/5/2017,27
2/6/2017,15
2/7/2017,15
2/8/2017,28
2/9/2017,25
2/10/2017,28
2/11/2017,26
2/12/2017,26
2/13/2017,18
2/14/2017,16
2/15/2017,19
2/16/2017,27
2/17/2017,19
2/18/2017,22
2/19/2017,29
2/20/2017,13
2/21/2017,25
2/22/2017,21
2/23/2017,30
2/24/2017,23
2/25/2017,25
2/26/2017,27
2/27/2017,19
2/28/2017,25
3/1/2017,27
3/2/2017,33
3/3/2017,36
3/4/2017,34
3/5/2017,32
3/6/2017,23
3/7/2017,28
3/8/2017,25
3/9/2017,30
3/10/2017,34
3/11/2017,37
3/12/2017,28
3/13/2017,20
3/14/2017,30
3/15/2017,35
3/16/2017,26
3/17/2017,25
3/18/2017,32
3/19/2017,24
3/20/2017,23
3/21/2017,21
3/22/2017,33
3/23/2017,32
3/24/2017,16
3/25/2017,21
3/26/2017,27
3/27/2017,31
3/28/2017,18
3/29/2017,18
3/30/2017,32
3/31/2017,27
4/1/2017,29
4/2/2017,36
4/3/2017,23
4/4/2017,33
4/5/2017,30
4/6/2017,28
4/7/2017,32
4/8/2017,34
4/9/2017,46
4/10/2017,21
4/11/2017,26
4/12/2017,49
4/13/2017,32
4/14/2017,31
4/15/2017,38
4/16/2017,34
4/17/2017,24
4/18/2017,34
4/19/2017,30
4/20/2017,26
4/21/2017,28
4/22/2017,36
4/23/2017,59
4/24/2017,17
4/25/2017,30
4/26/2017,39
4/27/2017,22
4/28/2017,47
4/29/2017,41
4/30/2017,34
5/1/2017,35
5/2/2017,33
5/3/2017,28
5/4/2017,34
5/5/2017,24
5/6/2017,37
5/7/2017,38
5/8/2017,24
5/9/2017,28
5/10/2017,19
5/11/2017,20
5/12/2017,26
5/13/2017,46
5/14/2017,44
5/15/2017,36
5/16/2017,31
5/17/2017,39
5/18/2017,28
5/19/2017,39
5/20/2017,41
5/21/2017,32
5/22/2017,21
5/23/2017,29
5/24/2017,19
5/25/2017,26
5/26/2017,29
5/27/2017,29
5/28/2017,39
5/29/2017,27
5/30/2017,32
5/31/2017,22
6/1/2017,42
6/2/2017,32
6/3/2017,38
6/4/2017,41
6/5/2017,31
6/6/2017,23
6/7/2017,31
6/8/2017,28
6/9/2017,44
6/10/2017,34
6/11/2017,59
6/12/2017,22
6/13/2017,44
6/14/2017,27
6/15/2017,34
6/16/2017,37
6/17/2017,35
6/18/2017,48
6/19/2017,24
6/20/2017,30
6/21/2017,32
6/22/2017,47
6/23/2017,38
6/24/2017,29
6/25/2017,56
6/26/2017,27
6/27/2017,33
6/28/2017,29
6/29/2017,31
6/30/2017,35
7/1/2017,53
7/2/2017,51
7/3/2017,20
7/4/2017,50
7/5/2017,26
7/6/2017,42
7/7/2017,45
7/8/2017,33
7/9/2017,42
7/10/2017,33
7/11/2017,40
7/12/2017,32
7/13/2017,40
7/14/2017,41
7/15/2017,29
7/16/2017,42
7/17/2017,37
7/18/2017,34
7/19/2017,36
7/20/2017,40
7/21/2017,37
7/22/2017,50
7/23/2017,45
7/24/2017,32
7/25/2017,36
7/26/2017,36
7/27/2017,43
7/28/2017,39
7/29/2017,56
7/30/2017,49
7/31/2017,35
8/1/2017,32
8/2/2017,22
8/3/2017,33
8/4/2017,45
8/5/2017,35
8/6/2017,37
8/7/2017,36
8/8/2017,24
8/9/2017,31
8/10/2017,30
8/11/2017,37
8/12/2017,49
8/13/2017,42
8/14/2017,27
8/15/2017,43
8/16/2017,35
8/17/2017,26
8/18/2017,22
8/19/2017,33
8/20/2017,41
8/21/2017,20
8/22/2017,40
8/23/2017,24
8/24/2017,29
8/25/2017,46
8/26/2017,37
8/27/2017,45
8/28/2017,26
8/29/2017,32
8/30/2017,44
8/31/2017,37
9/1/2017,33
9/2/2017,38
9/3/2017,39
9/4/2017,22
9/5/2017,34
9/6/2017,32
9/7/2017,23
9/8/2017,29
9/9/2017,35
9/10/2017,40
9/11/2017,28
9/12/2017,28
9/13/2017,38
9/14/2017,32
9/15/2017,31
9/16/2017,31
9/17/2017,40
9/18/2017,27
9/19/2017,26
9/20/2017,37
9/21/2017,42
9/22/2017,35
9/23/2017,37
9/24/2017,45
9/25/2017,22
9/26/2017,35
9/27/2017,29
9/28/2017,33
9/29/2017,30
9/30/2017,25
10/1/2017,40
10/2/2017,28
10/3/2017,29
10/4/2017,30
10/5/2017,23
10/6/2017,43
10/7/2017,35
10/8/2017,34
10/9/2017,28
10/10/2017,35
10/11/2017,28
10/12/2017,26
10/13/2017,35
10/14/2017,34
10/15/2017,36
10/16/2017,27
10/17/2017,30
10/18/2017,24
10/19/2017,26
10/20/2017,33
10/21/2017,32
10/22/2017,54
10/23/2017,22
10/24/2017,22
10/25/2017,22
10/26/2017,25
10/27/2017,31
10/28/2017,37
10/29/2017,44
10/30/2017,25
10/31/2017,39
11/1/2017,28
11/2/2017,36
11/3/2017,29
11/4/2017,35
11/5/2017,31
11/6/2017,33
11/7/2017,29
11/8/2017,28
11/9/2017,40
11/10/2017,28
11/11/2017,40
11/12/2017,43
11/13/2017,26
11/14/2017,30
11/15/2017,27
11/16/2017,50
11/17/2017,32
11/18/2017,39
11/19/2017,35
11/20/2017,29
11/21/2017,22
11/22/2017,27
11/23/2017,35
11/24/2017,40
11/25/2017,42
11/26/2017,30
11/27/2017,23
11/28/2017,24
11/29/2017,32
11/30/2017,25
12/1/2017,28
12/2/2017,29
12/3/2017,35
12/4/2017,18
12/5/2017,26
12/6/2017,21
12/7/2017,21
12/8/2017,20
12/9/2017,28
12/10/2017,27
12/11/2017,24
12/12/2017,18
12/13/2017,14
12/14/2017,17
12/15/2017,26
12/16/2017,22
12/17/2017,23
12/18/2017,17
12/19/2017,19
12/20/2017,18
12/21/2017,33
12/22/2017,36
12/23/2017,17
12/24/2017,22
12/25/2017,17
12/26/2017,22
12/27/2017,13
12/28/2017,25
12/29/2017,34
12/30/2017,30
12/31/2017,26
1/1/2013,11
1/2/2013,9
1/3/2013,20
1/4/2013,22
1/5/2013,22
1/6/2013,11
1/7/2013,7
1/8/2013,13
1/9/2013,9
1/10/2013,5
1/11/2013,20
1/12/2013,11
1/13/2013,16
1/14/2013,6
1/15/2013,16
1/16/2013,20
1/17/2013,12
1/18/2013,10
1/19/2013,14
1/20/2013,17
1/21/2013,11
1/22/2013,15
1/23/2013,7
1/24/2013,11
1/25/2013,15
1/26/2013,16
1/27/2013,11
1/28/2013,19
1/29/2013,17
1/30/2013,12
1/31/2013,19
2/1/2013,14
2/2/2013,15
2/3/2013,27
2/4/2013,11
2/5/2013,18
2/6/2013,8
2/7/2013,13
2/8/2013,20
2/9/2013,13
2/10/2013,19
2/11/2013,13
2/12/2013,12
2/13/2013,12
2/14/2013,12
2/15/2013,15
2/16/2013,25
2/17/2013,18
2/18/2013,10
2/19/2013,8
2/20/2013,16
2/21/2013,19
2/22/2013,9
2/23/2013,18
2/24/2013,18
2/25/2013,5
2/26/2013,13
2/27/2013,16
2/28/2013,9
3/1/2013,17
3/2/2013,25
3/3/2013,20
3/4/2013,15
3/5/2013,17
3/6/2013,19
3/7/2013,14
3/8/2013,15
3/9/2013,15
3/10/2013,16
3/11/2013,12
3/12/2013,13
3/13/2013,15
3/14/2013,22
3/15/2013,14
3/16/2013,16
3/17/2013,20
3/18/2013,14
3/19/2013,16
3/20/2013,20
3/21/2013,16
3/22/2013,15
3/23/2013,17
3/24/2013,24
3/25/2013,13
3/26/2013,18
3/27/2013,16
3/28/2013,15
3/29/2013,22
3/30/2013,19
3/31/2013,20
4/1/2013,20
4/2/2013,20
4/3/2013,19
4/4/2013,27
4/5/2013,22
4/6/2013,20
4/7/2013,22
4/8/2013,17
4/9/2013,17
4/10/2013,22
4/11/2013,27
4/12/2013,27
4/13/2013,21
4/14/2013,31
4/15/2013,7
4/16/2013,14
4/17/2013,20
4/18/2013,23
4/19/2013,15
4/20/2013,27
4/21/2013,29
4/22/2013,18
4/23/2013,12
4/24/2013,18
4/25/2013,25
4/26/2013,24
4/27/2013,21
4/28/2013,22
4/29/2013,17
4/30/2013,23
5/1/2013,23
5/2/2013,21
5/3/2013,10
5/4/2013,34
5/5/2013,24
5/6/2013,18
5/7/2013,19
5/8/2013,12
5/9/2013,17
5/10/2013,31
5/11/2013,18
5/12/2013,25
5/13/2013,16
5/14/2013,18
5/15/2013,17
5/16/2013,17
5/17/2013,22
5/18/2013,21
5/19/2013,32
5/20/2013,17
5/21/2013,17
5/22/2013,13
5/23/2013,18
5/24/2013,23
5/25/2013,28
5/26/2013,22
5/27/2013,18
5/28/2013,19
5/29/2013,22
5/30/2013,16
5/31/2013,22
6/1/2013,29
6/2/2013,21
6/3/2013,19
6/4/2013,16
6/5/2013,28
6/6/2013,29
6/7/2013,24
6/8/2013,28
6/9/2013,26
6/10/2013,16
6/11/2013,19
6/12/2013,21
6/13/2013,21
6/14/2013,22
6/15/2013,29
6/16/2013,30
6/17/2013,25
6/18/2013,20
6/19/2013,26
6/20/2013,16
6/21/2013,18
6/22/2013,26
6/23/2013,38
6/24/2013,21
6/25/2013,20
6/26/2013,23
6/27/2013,24
6/28/2013,19
6/29/2013,29
6/30/2013,38
7/1/2013,23
7/2/2013,25
7/3/2013,18
7/4/2013,20
7/5/2013,37
7/6/2013,33
7/7/2013,25
7/8/2013,21
7/9/2013,28
7/10/2013,29
7/11/2013,23
7/12/2013,26
7/13/2013,34
7/14/2013,37
7/15/2013,23
7/16/2013,27
7/17/2013,16
7/18/2013,17
7/19/2013,31
7/20/2013,27
7/21/2013,40
7/22/2013,19
7/23/2013,18
7/24/2013,16
7/25/2013,32
7/26/2013,22
7/27/2013,18
7/28/2013,27
7/29/2013,22
7/30/2013,24
7/31/2013,11
8/1/2013,23
8/2/2013,22
8/3/2013,29
8/4/2013,23
8/5/2013,14
8/6/2013,23
8/7/2013,18
8/8/2013,15
8/9/2013,22
8/10/2013,27
8/11/2013,29
8/12/2013,14
8/13/2013,15
8/14/2013,13
8/15/2013,27
8/16/2013,23
8/17/2013,26
8/18/2013,21
8/19/2013,18
8/20/2013,25
8/21/2013,21
8/22/2013,27
8/23/2013,18
8/24/2013,16
8/25/2013,26
8/26/2013,18
8/27/2013,22
8/28/2013,22
8/29/2013,17
8/30/2013,26
8/31/2013,23
9/1/2013,21
9/2/2013,10
9/3/2013,24
9/4/2013,16
9/5/2013,29
9/6/2013,28
9/7/2013,21
9/8/2013,22
9/9/2013,11
9/10/2013,18
9/11/2013,18
9/12/2013,21
9/13/2013,19
9/14/2013,30
9/15/2013,27
9/16/2013,10
9/17/2013,22
9/18/2013,8
9/19/2013,22
9/20/2013,14
9/21/2013,26
9/22/2013,27
9/23/2013,26
9/24/2013,20
9/25/2013,16
9/26/2013,27
9/27/2013,28
9/28/2013,33
9/29/2013,18
9/30/2013,14
10/1/2013,23
10/2/2013,17
10/3/2013,24
10/4/2013,17
10/5/2013,20
10/6/2013,19
10/7/2013,12
10/8/2013,13
10/9/2013,10
10/10/2013,18
10/11/2013,16
10/12/2013,24
10/13/2013,29
10/14/2013,13
10/15/2013,17
10/16/2013,15
10/17/2013,17
10/18/2013,18
10/19/2013,17
10/20/2013,26
10/21/2013,15
10/22/2013,22
10/23/2013,14
10/24/2013,22
10/25/2013,15
10/26/2013,26
10/27/2013,21
10/28/2013,18
10/29/2013,18
10/30/2013,18
10/31/2013,18
11/1/2013,31
11/2/2013,31
11/3/2013,30
11/4/2013,18
11/5/2013,17
11/6/2013,18
11/7/2013,17
11/8/2013,24
11/9/2013,21
11/10/2013,29
11/11/2013,13
11/12/2013,8
11/13/2013,22
11/14/2013,28
11/15/2013,23
11/16/2013,23
11/17/2013,20
11/18/2013,20
11/19/2013,17
11/20/2013,21
11/21/2013,25
11/22/2013,17
11/23/2013,23
11/24/2013,32
11/25/2013,25
11/26/2013,26
11/27/2013,20
11/28/2013,14
11/29/2013,14
11/30/2013,22
12/1/2013,22
12/2/2013,8
12/3/2013,18
12/4/2013,13
12/5/2013,15
12/6/2013,16
12/7/2013,15
12/8/2013,14
12/9/2013,6
12/10/2013,13
12/11/2013,17
12/12/2013,11
12/13/2013,19
12/14/2013,17
12/15/2013,13
12/16/2013,13
12/17/2013,13
12/18/2013,4
12/19/2013,22
12/20/2013,17
12/21/2013,18
12/22/2013,14
12/23/2013,8
12/24/2013,7
12/25/2013,11
12/26/2013,16
12/27/2013,20
12/28/2013,19
12/29/2013,18
12/30/2013,12
12/31/2013,17
1/1/2014,12
1/2/2014,14
1/3/2014,22
1/4/2014,19
1/5/2014,18
1/6/2014,7
1/7/2014,8
1/8/2014,7
1/9/2014,10
1/10/2014,18
1/11/2014,22
1/12/2014,16
1/13/2014,8
1/14/2014,14
1/15/2014,12
1/16/2014,13
1/17/2014,14
1/18/2014,19
1/19/2014,17
1/20/2014,10
1/21/2014,8
1/22/2014,15
1/23/2014,6
1/24/2014,14
1/25/2014,23
1/26/2014,18
1/27/2014,12
1/28/2014,13
1/29/2014,16
1/30/2014,15
1/31/2014,20
2/1/2014,18
2/2/2014,17
2/3/2014,7
2/4/2014,14
2/5/2014,16
2/6/2014,15
2/7/2014,18
2/8/2014,21
2/9/2014,15
2/10/2014,12
2/11/2014,12
2/12/2014,19
2/13/2014,14
2/14/2014,20
2/15/2014,15
2/16/2014,21
2/17/2014,9
2/18/2014,17
2/19/2014,19
2/20/2014,13
2/21/2014,22
2/22/2014,15
2/23/2014,25
2/24/2014,13
2/25/2014,17
2/26/2014,16
2/27/2014,13
2/28/2014,17
3/1/2014,20
3/2/2014,25
3/3/2014,17
3/4/2014,24
3/5/2014,22
3/6/2014,20
3/7/2014,23
3/8/2014,15
3/9/2014,23
3/10/2014,12
3/11/2014,21
3/12/2014,18
3/13/2014,24
3/14/2014,23
3/15/2014,22
3/16/2014,25
3/17/2014,12
3/18/2014,19
3/19/2014,14
3/20/2014,22
3/21/2014,22
3/22/2014,23
3/23/2014,26
3/24/2014,18
3/25/2014,20
3/26/2014,23
3/27/2014,18
3/28/2014,18
3/29/2014,16
3/30/2014,28
3/31/2014,9
4/1/2014,20
4/2/2014,22
4/3/2014,26
4/4/2014,22
4/5/2014,31
4/6/2014,19
4/7/2014,16
4/8/2014,31
4/9/2014,14
4/10/2014,18
4/11/2014,27
4/12/2014,26
4/13/2014,35
4/14/2014,20
4/15/2014,23
4/16/2014,25
4/17/2014,16
4/18/2014,27
4/19/2014,33
4/20/2014,26
4/21/2014,18
4/22/2014,19
4/23/2014,26
4/24/2014,21
4/25/2014,28
4/26/2014,11
4/27/2014,23
4/28/2014,15
4/29/2014,18
4/30/2014,18
5/1/2014,23
5/2/2014,28
5/3/2014,30
5/4/2014,28
5/5/2014,14
5/6/2014,28
5/7/2014,23
5/8/2014,27
5/9/2014,31
5/10/2014,21
5/11/2014,36
5/12/2014,18
5/13/2014,24
5/14/2014,26
5/15/2014,23
5/16/2014,24
5/17/2014,19
5/18/2014,29
5/19/2014,28
5/20/2014,16
5/21/2014,17
5/22/2014,21
5/23/2014,20
5/24/2014,34
5/25/2014,43
5/26/2014,13
5/27/2014,32
5/28/2014,29
5/29/2014,34
5/30/2014,32
5/31/2014,32
6/1/2014,26
6/2/2014,20
6/3/2014,21
6/4/2014,28
6/5/2014,39
6/6/2014,31
6/7/2014,30
6/8/2014,33
6/9/2014,26
6/10/2014,28
6/11/2014,30
6/12/2014,36
6/13/2014,28
6/14/2014,25
6/15/2014,30
6/16/2014,19
6/17/2014,34
6/18/2014,26
6/19/2014,38
6/20/2014,31
6/21/2014,30
6/22/2014,37
6/23/2014,21
6/24/2014,27
6/25/2014,22
6/26/2014,28
6/27/2014,35
6/28/2014,34
6/29/2014,28
6/30/2014,19
7/1/2014,20
7/2/2014,23
7/3/2014,30
7/4/2014,28
7/5/2014,44
7/6/2014,35
7/7/2014,18
7/8/2014,26
7/9/2014,23
7/10/2014,26
7/11/2014,23
7/12/2014,34
7/13/2014,44
7/14/2014,21
7/15/2014,27
7/16/2014,28
7/17/2014,17
7/18/2014,28
7/19/2014,26
7/20/2014,32
7/21/2014,27
7/22/2014,39
7/23/2014,24
7/24/2014,29
7/25/2014,36
7/26/2014,36
7/27/2014,45
7/28/2014,22
7/29/2014,25
7/30/2014,20
7/31/2014,21
8/1/2014,25
8/2/2014,35
8/3/2014,26
8/4/2014,16
8/5/2014,22
8/6/2014,18
8/7/2014,30
8/8/2014,24
8/9/2014,27
8/10/2014,26
8/11/2014,17
8/12/2014,22
8/13/2014,22
8/14/2014,30
8/15/2014,27
8/16/2014,26
8/17/2014,36
8/18/2014,20
8/19/2014,23
8/20/2014,18
8/21/2014,24
8/22/2014,35
8/23/2014,28
8/24/2014,32
8/25/2014,24
8/26/2014,20
8/27/2014,19
8/28/2014,31
8/29/2014,24
8/30/2014,29
8/31/2014,43
9/1/2014,24
9/2/2014,19
9/3/2014,26
9/4/2014,29
9/5/2014,27
9/6/2014,33
9/7/2014,21
9/8/2014,17
9/9/2014,31
9/10/2014,19
9/11/2014,28
9/12/2014,24
9/13/2014,40
9/14/2014,22
9/15/2014,18
9/16/2014,19
9/17/2014,21
9/18/2014,25
9/19/2014,18
9/20/2014,28
9/21/2014,17
9/22/2014,16
9/23/2014,21
9/24/2014,25
9/25/2014,30
9/26/2014,28
9/27/2014,25
9/28/2014,30
9/29/2014,16
9/30/2014,24
10/1/2014,16
10/2/2014,22
10/3/2014,32
10/4/2014,19
10/5/2014,22
10/6/2014,10
10/7/2014,19
10/8/2014,24
10/9/2014,21
10/10/2014,20
10/11/2014,28
10/12/2014,28
10/13/2014,17
10/14/2014,19
10/15/2014,26
10/16/2014,23
10/17/2014,17
10/18/2014,22
10/19/2014,26
10/20/2014,23
10/21/2014,20
10/22/2014,24
10/23/2014,33
10/24/2014,30
10/25/2014,21
10/26/2014,25
10/27/2014,12
10/28/2014,18
10/29/2014,18
10/30/2014,30
10/31/2014,24
11/1/2014,17
11/2/2014,19
11/3/2014,18
11/4/2014,19
11/5/2014,21
11/6/2014,21
11/7/2014,33
11/8/2014,24
11/9/2014,29
11/10/2014,17
11/11/2014,27
11/12/2014,17
11/13/2014,15
11/14/2014,23
11/15/2014,20
11/16/2014,31
11/17/2014,15
11/18/2014,18
11/19/2014,24
11/20/2014,19
11/21/2014,30
11/22/2014,32
11/23/2014,21
11/24/2014,18
11/25/2014,15
11/26/2014,25
11/27/2014,26
11/28/2014,35
11/29/2014,28
11/30/2014,24
12/1/2014,11
12/2/2014,16
12/3/2014,19
12/4/2014,18
12/5/2014,14
12/6/2014,18
12/7/2014,19
12/8/2014,12
12/9/2014,14
12/10/2014,13
12/11/2014,14
12/12/2014,12
12/13/2014,17
12/14/2014,18
12/15/2014,13
12/16/2014,20
12/17/2014,10
12/18/2014,17
12/19/2014,20
12/20/2014,19
12/21/2014,20
12/22/2014,17
12/23/2014,15
12/24/2014,10
12/25/2014,19
12/26/2014,21
12/27/2014,18
12/28/2014,24
12/29/2014,12
12/30/2014,23
12/31/2014,22
1/1/2015,17
1/2/2015,16
1/3/2015,23
1/4/2015,22
1/5/2015,8
1/6/2015,19
1/7/2015,18
1/8/2015,14
1/9/2015,15
1/10/2015,20
1/11/2015,22
1/12/2015,7
1/13/2015,20
1/14/2015,13
1/15/2015,10
1/16/2015,18
1/17/2015,19
1/18/2015,14
1/19/2015,14
1/20/2015,17
1/21/2015,19
1/22/2015,15
1/23/2015,20
1/24/2015,20
1/25/2015,21
1/26/2015,8
1/27/2015,11
1/28/2015,10
1/29/2015,17
1/30/2015,19
1/31/2015,11
2/1/2015,18
2/2/2015,14
2/3/2015,16
2/4/2015,10
2/5/2015,16
2/6/2015,14
2/7/2015,19
2/8/2015,13
2/9/2015,16
2/10/2015,17
2/11/2015,17
2/12/2015,11
2/13/2015,11
2/14/2015,25
2/15/2015,19
2/16/2015,18
2/17/2015,21
2/18/2015,16
2/19/2015,22
2/20/2015,14
2/21/2015,16
2/22/2015,23
2/23/2015,18
2/24/2015,14
2/25/2015,18
2/26/2015,12
2/27/2015,13
2/28/2015,15
3/1/2015,16
3/2/2015,11
3/3/2015,11
3/4/2015,21
3/5/2015,20
3/6/2015,26
3/7/2015,18
3/8/2015,33
3/9/2015,9
3/10/2015,24
3/11/2015,20
3/12/2015,21
3/13/2015,18
3/14/2015,21
3/15/2015,34
3/16/2015,14
3/17/2015,21
3/18/2015,15
3/19/2015,19
3/20/2015,18
3/21/2015,20
3/22/2015,21
3/23/2015,15
3/24/2015,10
3/25/2015,22
3/26/2015,23
3/27/2015,27
3/28/2015,26
3/29/2015,28
3/30/2015,16
3/31/2015,20
4/1/2015,22
4/2/2015,22
4/3/2015,38
4/4/2015,37
4/5/2015,26
4/6/2015,17
4/7/2015,24
4/8/2015,23
4/9/2015,25
4/10/2015,27
4/11/2015,34
4/12/2015,25
4/13/2015,23
4/14/2015,29
4/15/2015,31
4/16/2015,20
4/17/2015,30
4/18/2015,34
4/19/2015,21
4/20/2015,20
4/21/2015,22
4/22/2015,16
4/23/2015,26
4/24/2015,28
4/25/2015,35
4/26/2015,35
4/27/2015,19
4/28/2015,22
4/29/2015,30
4/30/2015,29
5/1/2015,21
5/2/2015,27
5/3/2015,33
5/4/2015,24
5/5/2015,29
5/6/2015,24
5/7/2015,20
5/8/2015,33
5/9/2015,39
5/10/2015,32
5/11/2015,13
5/12/2015,23
5/13/2015,37
5/14/2015,26
5/15/2015,35
5/16/2015,26
5/17/2015,35
5/18/2015,23
5/19/2015,18
5/20/2015,25
5/21/2015,22
5/22/2015,31
5/23/2015,35
5/24/2015,38
5/25/2015,26
5/26/2015,18
5/27/2015,27
5/28/2015,22
5/29/2015,25
5/30/2015,26
5/31/2015,25
6/1/2015,31
6/2/2015,22
6/3/2015,21
6/4/2015,26
6/5/2015,28
6/6/2015,31
6/7/2015,32
6/8/2015,25
6/9/2015,32
6/10/2015,28
6/11/2015,26
6/12/2015,25
6/13/2015,32
6/14/2015,34
6/15/2015,19
6/16/2015,32
6/17/2015,25
6/18/2015,29
6/19/2015,26
6/20/2015,29
6/21/2015,29
6/22/2015,16
6/23/2015,25
6/24/2015,24
6/25/2015,26
6/26/2015,24
6/27/2015,29
6/28/2015,36
6/29/2015,22
6/30/2015,32
7/1/2015,23
7/2/2015,29
7/3/2015,31
7/4/2015,35
7/5/2015,42
7/6/2015,27
7/7/2015,42
7/8/2015,32
7/9/2015,26
7/10/2015,31
7/11/2015,42
7/12/2015,25
7/13/2015,24
7/14/2015,29
7/15/2015,36
7/16/2015,41
7/17/2015,43
7/18/2015,34
7/19/2015,35
7/20/2015,28
7/21/2015,40
7/22/2015,28
7/23/2015,39
7/24/2015,37
7/25/2015,31
7/26/2015,40
7/27/2015,29
7/28/2015,32
7/29/2015,25
7/30/2015,40
7/31/2015,27
8/1/2015,26
8/2/2015,29
8/3/2015,21
8/4/2015,29
8/5/2015,33
8/6/2015,32
8/7/2015,28
8/8/2015,27
8/9/2015,34
8/10/2015,22
8/11/2015,36
8/12/2015,27
8/13/2015,29
8/14/2015,24
8/15/2015,39
8/16/2015,27
8/17/2015,19
8/18/2015,18
8/19/2015,20
8/20/2015,27
8/21/2015,28
8/22/2015,32
8/23/2015,26
8/24/2015,29
8/25/2015,9
8/26/2015,32
8/27/2015,25
8/28/2015,26
8/29/2015,28
8/30/2015,34
8/31/2015,25
9/1/2015,25
9/2/2015,33
9/3/2015,22
9/4/2015,19
9/5/2015,35
9/6/2015,28
9/7/2015,24
9/8/2015,25
9/9/2015,27
9/10/2015,23
9/11/2015,26
9/12/2015,18
9/13/2015,31
9/14/2015,26
9/15/2015,31
9/16/2015,27
9/17/2015,21
9/18/2015,30
9/19/2015,27
9/20/2015,22
9/21/2015,26
9/22/2015,16
9/23/2015,20
9/24/2015,26
9/25/2015,35
9/26/2015,25
9/27/2015,26
9/28/2015,23
9/29/2015,27
9/30/2015,27
10/1/2015,18
10/2/2015,27
10/3/2015,20
10/4/2015,23
10/5/2015,15
10/6/2015,19
10/7/2015,18
10/8/2015,16
10/9/2015,23
10/10/2015,23
10/11/2015,18
10/12/2015,18
10/13/2015,25
10/14/2015,21
10/15/2015,15
10/16/2015,23
10/17/2015,15
10/18/2015,22
10/19/2015,13
10/20/2015,16
10/21/2015,21
10/22/2015,19
10/23/2015,17
10/24/2015,16
10/25/2015,28
10/26/2015,23
10/27/2015,32
10/28/2015,19
10/29/2015,26
10/30/2015,25
10/31/2015,24
11/1/2015,30
11/2/2015,24
11/3/2015,28
11/4/2015,22
11/5/2015,19
11/6/2015,24
11/7/2015,21
11/8/2015,35
11/9/2015,21
11/10/2015,19
11/11/2015,20
11/12/2015,22
11/13/2015,29
11/14/2015,24
11/15/2015,32
11/16/2015,15
11/17/2015,22
11/18/2015,20
11/19/2015,26
11/20/2015,20
11/21/2015,27
11/22/2015,30
11/23/2015,26
11/24/2015,26
11/25/2015,21
11/26/2015,26
11/27/2015,30
11/28/2015,29
11/29/2015,28
11/30/2015,30
12/1/2015,11
12/2/2015,17
12/3/2015,21
12/4/2015,15
12/5/2015,17
12/6/2015,16
12/7/2015,14
12/8/2015,10
12/9/2015,11
12/10/2015,24
12/11/2015,16
12/12/2015,27
12/13/2015,15
12/14/2015,20
12/15/2015,20
12/16/2015,24
12/17/2015,10
12/18/2015,16
12/19/2015,25
12/20/2015,15
12/21/2015,7
12/22/2015,13
12/23/2015,10
12/24/2015,14
12/25/2015,17
12/26/2015,13
12/27/2015,31
12/28/2015,9
12/29/2015,17
12/30/2015,17
12/31/2015,12
1/1/2016,14
1/2/2016,20
1/3/2016,30
1/4/2016,14
1/5/2016,17
1/6/2016,19
1/7/2016,7
1/8/2016,22
1/9/2016,23
1/10/2016,17
1/11/2016,17
1/12/2016,13
1/13/2016,17
1/14/2016,19
1/15/2016,11
1/16/2016,24
1/17/2016,15
1/18/2016,13
1/19/2016,17
1/20/2016,15
1/21/2016,19
1/22/2016,18
1/23/2016,15
1/24/2016,14
1/25/2016,13
1/26/2016,15
1/27/2016,9
1/28/2016,10
1/29/2016,15
1/30/2016,22
1/31/2016,26
2/1/2016,11
2/2/2016,15
2/3/2016,23
2/4/2016,18
2/5/2016,12
2/6/2016,22
2/7/2016,28
2/8/2016,20
2/9/2016,19
2/10/2016,22
2/11/2016,12
2/12/2016,23
2/13/2016,25
2/14/2016,17
2/15/2016,15
2/16/2016,18
2/17/2016,14
2/18/2016,22
2/19/2016,22
2/20/2016,17
2/21/2016,21
2/22/2016,15
2/23/2016,16
2/24/2016,16
2/25/2016,10
2/26/2016,14
2/27/2016,16
2/28/2016,26
2/29/2016,16
3/1/2016,20
3/2/2016,23
3/3/2016,22
3/4/2016,27
3/5/2016,30
3/6/2016,34
3/7/2016,16
3/8/2016,22
3/9/2016,22
3/10/2016,23
3/11/2016,24
3/12/2016,32
3/13/2016,21
3/14/2016,12
3/15/2016,32
3/16/2016,20
3/17/2016,26
3/18/2016,23
3/19/2016,29
3/20/2016,27
3/21/2016,27
3/22/2016,21
3/23/2016,15
3/24/2016,26
3/25/2016,27
3/26/2016,26
3/27/2016,26
3/28/2016,17
3/29/2016,24
3/30/2016,20
3/31/2016,26
4/1/2016,30
4/2/2016,26
4/3/2016,29
4/4/2016,18
4/5/2016,26
4/6/2016,25
4/7/2016,23
4/8/2016,35
4/9/2016,45
4/10/2016,31
4/11/2016,35
4/12/2016,32
4/13/2016,30
4/14/2016,20
4/15/2016,29
4/16/2016,28
4/17/2016,31
4/18/2016,16
4/19/2016,32
4/20/2016,22
4/21/2016,19
4/22/2016,28
4/23/2016,30
4/24/2016,34
4/25/2016,17
4/26/2016,23
4/27/2016,26
4/28/2016,24
4/29/2016,30
4/30/2016,33
5/1/2016,34
5/2/2016,22
5/3/2016,27
5/4/2016,28
5/5/2016,39
5/6/2016,33
5/7/2016,35
5/8/2016,29
5/9/2016,28
5/10/2016,26
5/11/2016,21
5/12/2016,30
5/13/2016,32
5/14/2016,31
5/15/2016,31
5/16/2016,19
5/17/2016,31
5/18/2016,24
5/19/2016,22
5/20/2016,28
5/21/2016,41
5/22/2016,33
5/23/2016,24
5/24/2016,22
5/25/2016,24
5/26/2016,28
5/27/2016,32
5/28/2016,31
5/29/2016,49
5/30/2016,25
5/31/2016,20
6/1/2016,25
6/2/2016,37
6/3/2016,31
6/4/2016,33
6/5/2016,29
6/6/2016,28
6/7/2016,30
6/8/2016,34
6/9/2016,17
6/10/2016,33
6/11/2016,26
6/12/2016,41
6/13/2016,23
6/14/2016,28
6/15/2016,24
6/16/2016,31
6/17/2016,36
6/18/2016,45
6/19/2016,28
6/20/2016,35
6/21/2016,33
6/22/2016,26
6/23/2016,37
6/24/2016,41
6/25/2016,42
6/26/2016,33
6/27/2016,23
6/28/2016,30
6/29/2016,35
6/30/2016,23
7/1/2016,34
7/2/2016,34
7/3/2016,40
7/4/2016,34
7/5/2016,31
7/6/2016,25
7/7/2016,35
7/8/2016,31
7/9/2016,39
7/10/2016,50
7/11/2016,25
7/12/2016,21
7/13/2016,37
7/14/2016,37
7/15/2016,37
7/16/2016,37
7/17/2016,51
7/18/2016,20
7/19/2016,35
7/20/2016,36
7/21/2016,39
7/22/2016,45
7/23/2016,34
7/24/2016,50
7/25/2016,21
7/26/2016,31
7/27/2016,29
7/28/2016,33
7/29/2016,26
7/30/2016,48
7/31/2016,40
8/1/2016,14
8/2/2016,36
8/3/2016,14
8/4/2016,38
8/5/2016,33
8/6/2016,26
8/7/2016,30
8/8/2016,24
8/9/2016,25
8/10/2016,23
8/11/2016,23
8/12/2016,32
8/13/2016,40
8/14/2016,35
8/15/2016,13
8/16/2016,23
8/17/2016,28
8/18/2016,32
8/19/2016,29
8/20/2016,14
8/21/2016,38
8/22/2016,28
8/23/2016,31
8/24/2016,28
8/25/2016,24
8/26/2016,35
8/27/2016,30
8/28/2016,38
8/29/2016,26
8/30/2016,24
8/31/2016,26
9/1/2016,24
9/2/2016,29
9/3/2016,29
9/4/2016,31
9/5/2016,24
9/6/2016,27
9/7/2016,29
9/8/2016,24
9/9/2016,18
9/10/2016,31
9/11/2016,21
9/12/2016,18
9/13/2016,31
9/14/2016,22
9/15/2016,23
9/16/2016,25
9/17/2016,32
9/18/2016,38
9/19/2016,17
9/20/2016,21
9/21/2016,25
9/22/2016,24
9/23/2016,31
9/24/2016,23
9/25/2016,37
9/26/2016,18
9/27/2016,14
9/28/2016,14
9/29/2016,23
9/30/2016,21
10/1/2016,15
10/2/2016,24
10/3/2016,19
10/4/2016,22
10/5/2016,17
10/6/2016,27
10/7/2016,27
10/8/2016,33
10/9/2016,22
10/10/2016,22
10/11/2016,21
10/12/2016,21
10/13/2016,30
10/14/2016,19
10/15/2016,29
10/16/2016,25
10/17/2016,20
10/18/2016,19
10/19/2016,25
10/20/2016,35
10/21/2016,22
10/22/2016,26
10/23/2016,30
10/24/2016,18
10/25/2016,19
10/26/2016,21
10/27/2016,24
10/28/2016,26
10/29/2016,27
10/30/2016,26
10/31/2016,22
11/1/2016,19
11/2/2016,24
11/3/2016,30
11/4/2016,23
11/5/2016,28
11/6/2016,30
11/7/2016,28
11/8/2016,22
11/9/2016,31
11/10/2016,28
11/11/2016,30
11/12/2016,30
11/13/2016,33
11/14/2016,24
11/15/2016,29
11/16/2016,25
11/17/2016,26
11/18/2016,30
11/19/2016,23
11/20/2016,35
11/21/2016,17
11/22/2016,21
11/23/2016,22
11/24/2016,17
11/25/2016,27
11/26/2016,32
11/27/2016,31
11/28/2016,26
11/29/2016,33
11/30/2016,27
12/1/2016,13
12/2/2016,20
12/3/2016,18
12/4/2016,26
12/5/2016,16
12/6/2016,8
12/7/2016,22
12/8/2016,22
12/9/2016,27
12/10/2016,24
12/11/2016,18
12/12/2016,9
12/13/2016,18
12/14/2016,15
12/15/2016,12
12/16/2016,13
12/17/2016,22
12/18/2016,17
12/19/2016,20
12/20/2016,8
12/21/2016,18
12/22/2016,15
12/23/2016,16
12/24/2016,22
12/25/2016,28
12/26/2016,13
12/27/2016,18
12/28/2016,17
12/29/2016,14
12/30/2016,30
12/31/2016,26
1/1/2017,16
1/2/2017,19
1/3/2017,15
1/4/2017,15
1/5/2017,19
1/6/2017,17
1/7/2017,28
1/8/2017,19
1/9/2017,20
1/10/2017,19
1/11/2017,24
1/12/2017,17
1/13/2017,17
1/14/2017,22
1/15/2017,21
1/16/2017,12
1/17/2017,10
1/18/2017,20
1/19/2017,17
1/20/2017,24
1/21/2017,21
1/22/2017,22
1/23/2017,12
1/24/2017,20
1/25/2017,8
1/26/2017,16
1/27/2017,20
1/28/2017,21
1/29/2017,26
1/30/2017,21
1/31/2017,14
2/1/2017,21
2/2/2017,12
2/3/2017,17
2/4/2017,17
2/5/2017,22
2/6/2017,16
2/7/2017,18
2/8/2017,15
2/9/2017,17
2/10/2017,22
2/11/2017,24
2/12/2017,23
2/13/2017,27
2/14/2017,20
2/15/2017,17
2/16/2017,14
2/17/2017,23
2/18/2017,24
2/19/2017,31
2/20/2017,16
2/21/2017,17
2/22/2017,21
2/23/2017,21
2/24/2017,25
2/25/2017,32
2/26/2017,19
2/27/2017,14
2/28/2017,15
3/1/2017,26
3/2/2017,19
3/3/2017,25
3/4/2017,23
3/5/2017,32
3/6/2017,9
3/7/2017,22
3/8/2017,16
3/9/2017,32
3/10/2017,27
3/11/2017,30
3/12/2017,22
3/13/2017,18
3/14/2017,20
3/15/2017,25
3/16/2017,20
3/17/2017,22
3/18/2017,30
3/19/2017,37
3/20/2017,16
3/21/2017,31
3/22/2017,20
3/23/2017,19
3/24/2017,18
3/25/2017,14
3/26/2017,30
3/27/2017,24
3/28/2017,22
3/29/2017,18
3/30/2017,23
3/31/2017,28
4/1/2017,29
4/2/2017,27
4/3/2017,25
4/4/2017,18
4/5/2017,28
4/6/2017,30
4/7/2017,38
4/8/2017,34
4/9/2017,32
4/10/2017,27
4/11/2017,31
4/12/2017,31
4/13/2017,33
4/14/2017,29
4/15/2017,28
4/16/2017,43
4/17/2017,19
4/18/2017,30
4/19/2017,31
4/20/2017,29
4/21/2017,34
4/22/2017,30
4/23/2017,36
4/24/2017,27
4/25/2017,32
4/26/2017,32
4/27/2017,17
4/28/2017,24
4/29/2017,25
4/30/2017,35
5/1/2017,28
5/2/2017,22
5/3/2017,24
5/4/2017,33
5/5/2017,33
5/6/2017,38
5/7/2017,32
5/8/2017,29
5/9/2017,25
5/10/2017,25
5/11/2017,29
5/12/2017,30
5/13/2017,31
5/14/2017,37
5/15/2017,24
5/16/2017,30
5/17/2017,30
5/18/2017,36
5/19/2017,34
5/20/2017,33
5/21/2017,35
5/22/2017,21
5/23/2017,39
5/24/2017,25
5/25/2017,33
5/26/2017,21
5/27/2017,30
5/28/2017,42
5/29/2017,21
5/30/2017,33
5/31/2017,35
6/1/2017,26
6/2/2017,35
6/3/2017,41
6/4/2017,31
6/5/2017,24
6/6/2017,30
6/7/2017,28
6/8/2017,35
6/9/2017,50
6/10/2017,24
6/11/2017,43
6/12/2017,23
6/13/2017,21
6/14/2017,29
6/15/2017,27
6/16/2017,33
6/17/2017,37
6/18/2017,28
6/19/2017,27
6/20/2017,30
6/21/2017,35
6/22/2017,28
6/23/2017,29
6/24/2017,34
6/25/2017,31
6/26/2017,28
6/27/2017,34
6/28/2017,24
6/29/2017,22
6/30/2017,26
7/1/2017,37
7/2/2017,40
7/3/2017,23
7/4/2017,30
7/5/2017,34
7/6/2017,27
7/7/2017,38
7/8/2017,46
7/9/2017,39
7/10/2017,31
7/11/2017,40
7/12/2017,26
7/13/2017,33
7/14/2017,49
7/15/2017,33
7/16/2017,44
7/17/2017,21
7/18/2017,32
7/19/2017,35
7/20/2017,42
7/21/2017,31
7/22/2017,39
7/23/2017,32
7/24/2017,23
7/25/2017,36
7/26/2017,35
7/27/2017,39
7/28/2017,34
7/29/2017,42
7/30/2017,36
7/31/2017,20
8/1/2017,28
8/2/2017,22
8/3/2017,32
8/4/2017,27
8/5/2017,26
8/6/2017,48
8/7/2017,22
8/8/2017,36
8/9/2017,35
8/10/2017,21
8/11/2017,36
8/12/2017,36
8/13/2017,34
8/14/2017,25
8/15/2017,32
8/16/2017,38
8/17/2017,24
8/18/2017,26
8/19/2017,38
8/20/2017,38
8/21/2017,23
8/22/2017,34
8/23/2017,25
8/24/2017,26
8/25/2017,34
8/26/2017,39
8/27/2017,32
8/28/2017,25
8/29/2017,31
8/30/2017,34
8/31/2017,36
9/1/2017,19
9/2/2017,30
9/3/2017,31
9/4/2017,22
9/5/2017,28
9/6/2017,22
9/7/2017,34
9/8/2017,34
9/9/2017,31
9/10/2017,40
9/11/2017,21
9/12/2017,26
9/13/2017,34
9/14/2017,28
9/15/2017,31
9/16/2017,25
9/17/2017,27
9/18/2017,25
9/19/2017,31
9/20/2017,27
9/21/2017,21
9/22/2017,26
9/23/2017,32
9/24/2017,29
9/25/2017,17
9/26/2017,20
9/27/2017,32
9/28/2017,25
9/29/2017,33
9/30/2017,36
10/1/2017,28
10/2/2017,26
10/3/2017,39
10/4/2017,23
10/5/2017,28
10/6/2017,29
10/7/2017,29
10/8/2017,19
10/9/2017,20
10/10/2017,22
10/11/2017,26
10/12/2017,32
10/13/2017,37
10/14/2017,28
10/15/2017,31
10/16/2017,17
10/17/2017,24
10/18/2017,25
10/19/2017,18
10/20/2017,26
10/21/2017,26
10/22/2017,35
10/23/2017,21
10/24/2017,22
10/25/2017,21
10/26/2017,23
10/27/2017,23
10/28/2017,28
10/29/2017,32
10/30/2017,17
10/31/2017,16
11/1/2017,21
11/2/2017,25
11/3/2017,34
11/4/2017,30
11/5/2017,28
11/6/2017,22
11/7/2017,19
11/8/2017,22
11/9/2017,31
11/10/2017,30
11/11/2017,31
11/12/2017,22
11/13/2017,18
11/14/2017,26
11/15/2017,22
11/16/2017,25
11/17/2017,26
11/18/2017,30
11/19/2017,33
11/20/2017,18
11/21/2017,29
11/22/2017,20
11/23/2017,32
11/24/2017,34
11/25/2017,28
11/26/2017,29
11/27/2017,21
11/28/2017,26
11/29/2017,27
11/30/2017,29
12/1/2017,19
12/2/2017,15
12/3/2017,30
12/4/2017,16
12/5/2017,19
12/6/2017,22
12/7/2017,12
12/8/2017,17
12/9/2017,22
12/10/2017,20
12/11/2017,14
12/12/2017,17
12/13/2017,11
12/14/2017,23
12/15/2017,13
12/16/2017,18
12/17/2017,30
12/18/2017,14
12/19/2017,19
12/20/2017,18
12/21/2017,21
12/22/2017,20
12/23/2017,19
12/24/2017,33
12/25/2017,14
12/26/2017,17
12/27/2017,16
12/28/2017,19
12/29/2017,16
12/30/2017,31
12/31/2017,19
1/1/2013,14
1/2/2013,14
1/3/2013,16
1/4/2013,17
1/5/2013,12
1/6/2013,11
1/7/2013,12
1/8/2013,19
1/9/2013,10
1/10/2013,17
1/11/2013,20
1/12/2013,18
1/13/2013,21
1/14/2013,10
1/15/2013,13
1/16/2013,11
1/17/2013,15
1/18/2013,17
1/19/2013,18
1/20/2013,19
1/21/2013,10
1/22/2013,7
1/23/2013,20
1/24/2013,12
1/25/2013,21
1/26/2013,13
1/27/2013,12
1/28/2013,12
1/29/2013,14
1/30/2013,17
1/31/2013,5
2/1/2013,21
2/2/2013,11
2/3/2013,20
2/4/2013,11
2/5/2013,10
2/6/2013,15
2/7/2013,16
2/8/2013,8
2/9/2013,17
2/10/2013,19
2/11/2013,13
2/12/2013,16
2/13/2013,15
2/14/2013,14
2/15/2013,11
2/16/2013,16
2/17/2013,21
2/18/2013,19
2/19/2013,16
2/20/2013,18
2/21/2013,19
2/22/2013,18
2/23/2013,21
2/24/2013,30
2/25/2013,15
2/26/2013,17
2/27/2013,16
2/28/2013,26
3/1/2013,29
3/2/2013,17
3/3/2013,25
3/4/2013,16
3/5/2013,18
3/6/2013,14
3/7/2013,24
3/8/2013,23
3/9/2013,15
3/10/2013,28
3/11/2013,8
3/12/2013,24
3/13/2013,15
3/14/2013,14
3/15/2013,15
3/16/2013,21
3/17/2013,10
3/18/2013,24
3/19/2013,15
3/20/2013,22
3/21/2013,20
3/22/2013,15
3/23/2013,14
3/24/2013,18
3/25/2013,20
3/26/2013,16
3/27/2013,20
3/28/2013,19
3/29/2013,21
3/30/2013,22
3/31/2013,17
4/1/2013,15
4/2/2013,18
4/3/2013,25
4/4/2013,20
4/5/2013,28
4/6/2013,18
4/7/2013,31
4/8/2013,13
4/9/2013,17
4/10/2013,23
4/11/2013,14
4/12/2013,20
4/13/2013,29
4/14/2013,28
4/15/2013,16
4/16/2013,17
4/17/2013,20
4/18/2013,29
4/19/2013,20
4/20/2013,23
4/21/2013,23
4/22/2013,20
4/23/2013,16
4/24/2013,27
4/25/2013,25
4/26/2013,23
4/27/2013,18
4/28/2013,24
4/29/2013,19
4/30/2013,17
5/1/2013,16
5/2/2013,27
5/3/2013,20
5/4/2013,29
5/5/2013,25
5/6/2013,16
5/7/2013,18
5/8/2013,23
5/9/2013,22
5/10/2013,28
5/11/2013,18
5/12/2013,28
5/13/2013,21
5/14/2013,35
5/15/2013,19
5/16/2013,32
5/17/2013,23
5/18/2013,31
5/19/2013,32
5/20/2013,17
5/21/2013,11
5/22/2013,26
5/23/2013,34
5/24/2013,21
5/25/2013,26
5/26/2013,22
5/27/2013,12
5/28/2013,29
5/29/2013,12
5/30/2013,16
5/31/2013,21
6/1/2013,25
6/2/2013,35
6/3/2013,26
6/4/2013,33
6/5/2013,16
6/6/2013,15
6/7/2013,30
6/8/2013,29
6/9/2013,38
6/10/2013,17
6/11/2013,29
6/12/2013,18
6/13/2013,22
6/14/2013,18
6/15/2013,33
6/16/2013,32
6/17/2013,18
6/18/2013,23
6/19/2013,25
6/20/2013,15
6/21/2013,28
6/22/2013,34
6/23/2013,28
6/24/2013,20
6/25/2013,16
6/26/2013,18
6/27/2013,23
6/28/2013,23
6/29/2013,30
6/30/2013,28
7/1/2013,21
7/2/2013,25
7/3/2013,25
7/4/2013,22
7/5/2013,26
7/6/2013,33
7/7/2013,28
7/8/2013,22
7/9/2013,23
7/10/2013,20
7/11/2013,25
7/12/2013,19
7/13/2013,34
7/14/2013,34
7/15/2013,23
7/16/2013,24
7/17/2013,32
7/18/2013,30
7/19/2013,35
7/20/2013,34
7/21/2013,30
7/22/2013,22
7/23/2013,26
7/24/2013,22
7/25/2013,23
7/26/2013,31
7/27/2013,24
7/28/2013,28
7/29/2013,22
7/30/2013,14
7/31/2013,29
8/1/2013,28
8/2/2013,25
8/3/2013,22
8/4/2013,28
8/5/2013,28
8/6/2013,14
8/7/2013,24
8/8/2013,18
8/9/2013,22
8/10/2013,26
8/11/2013,19
8/12/2013,17
8/13/2013,26
8/14/2013,34
8/15/2013,22
8/16/2013,18
8/17/2013,25
8/18/2013,30
8/19/2013,17
8/20/2013,20
8/21/2013,22
8/22/2013,25
8/23/2013,27
8/24/2013,30
8/25/2013,33
8/26/2013,13
8/27/2013,21
8/28/2013,22
8/29/2013,23
8/30/2013,30
8/31/2013,20
9/1/2013,27
9/2/2013,15
9/3/2013,22
9/4/2013,18
9/5/2013,30
9/6/2013,20
9/7/2013,18
9/8/2013,26
9/9/2013,20
9/10/2013,21
9/11/2013,16
9/12/2013,16
9/13/2013,25
9/14/2013,13
9/15/2013,23
9/16/2013,11
9/17/2013,17
9/18/2013,18
9/19/2013,23
9/20/2013,21
9/21/2013,38
9/22/2013,27
9/23/2013,27
9/24/2013,25
9/25/2013,20
9/26/2013,24
9/27/2013,24
9/28/2013,27
9/29/2013,26
9/30/2013,12
10/1/2013,17
10/2/2013,21
10/3/2013,24
10/4/2013,21
10/5/2013,18
10/6/2013,17
10/7/2013,15
10/8/2013,20
10/9/2013,18
10/10/2013,23
10/11/2013,22
10/12/2013,22
10/13/2013,19
10/14/2013,13
10/15/2013,27
10/16/2013,11
10/17/2013,19
10/18/2013,16
10/19/2013,23
10/20/2013,16
10/21/2013,10
10/22/2013,17
10/23/2013,18
10/24/2013,25
10/25/2013,21
10/26/2013,22
10/27/2013,23
10/28/2013,15
10/29/2013,27
10/30/2013,16
10/31/2013,14
11/1/2013,26
11/2/2013,16
11/3/2013,25
11/4/2013,15
11/5/2013,27
11/6/2013,21
11/7/2013,14
11/8/2013,31
11/9/2013,24
11/10/2013,27
11/11/2013,20
11/12/2013,18
11/13/2013,12
11/14/2013,18
11/15/2013,22
11/16/2013,30
11/17/2013,33
11/18/2013,19
11/19/2013,23
11/20/2013,20
11/21/2013,26
11/22/2013,18
11/23/2013,33
11/24/2013,30
11/25/2013,27
11/26/2013,15
11/27/2013,16
11/28/2013,21
11/29/2013,22
11/30/2013,34
12/1/2013,14
12/2/2013,4
12/3/2013,15
12/4/2013,18
12/5/2013,16
12/6/2013,17
12/7/2013,13
12/8/2013,17
12/9/2013,8
12/10/2013,20
12/11/2013,14
12/12/2013,15
12/13/2013,13
12/14/2013,15
12/15/2013,18
12/16/2013,13
12/17/2013,22
12/18/2013,19
12/19/2013,21
12/20/2013,19
12/21/2013,18
12/22/2013,20
12/23/2013,10
12/24/2013,13
12/25/2013,14
12/26/2013,13
12/27/2013,13
12/28/2013,13
12/29/2013,20
12/30/2013,14
12/31/2013,7
1/1/2014,14
1/2/2014,10
1/3/2014,21
1/4/2014,23
1/5/2014,22
1/6/2014,17
1/7/2014,15
1/8/2014,23
1/9/2014,18
1/10/2014,20
1/11/2014,30
1/12/2014,18
1/13/2014,7
1/14/2014,18
1/15/2014,13
1/16/2014,15
1/17/2014,19
1/18/2014,22
1/19/2014,22
1/20/2014,12
1/21/2014,11
1/22/2014,9
1/23/2014,15
1/24/2014,19
1/25/2014,9
1/26/2014,19
1/27/2014,16
1/28/2014,7
1/29/2014,14
1/30/2014,11
1/31/2014,14
2/1/2014,19
2/2/2014,26
2/3/2014,7
2/4/2014,17
2/5/2014,19
2/6/2014,12
2/7/2014,16
2/8/2014,17
2/9/2014,23
2/10/2014,15
2/11/2014,15
2/12/2014,14
2/13/2014,19
2/14/2014,17
2/15/2014,20
2/16/2014,23
2/17/2014,12
2/18/2014,20
2/19/2014,16
2/20/2014,14
2/21/2014,25
2/22/2014,34
2/23/2014,18
2/24/2014,18
2/25/2014,14
2/26/2014,15
2/27/2014,8
2/28/2014,17
3/1/2014,20
3/2/2014,27
3/3/2014,17
3/4/2014,20
3/5/2014,30
3/6/2014,19
3/7/2014,11
3/8/2014,15
3/9/2014,19
3/10/2014,25
3/11/2014,24
3/12/2014,24
3/13/2014,20
3/14/2014,22
3/15/2014,23
3/16/2014,25
3/17/2014,19
3/18/2014,21
3/19/2014,18
3/20/2014,22
3/21/2014,21
3/22/2014,25
3/23/2014,22
3/24/2014,13
3/25/2014,21
3/26/2014,32
3/27/2014,13
3/28/2014,24
3/29/2014,20
3/30/2014,29
3/31/2014,19
4/1/2014,21
4/2/2014,18
4/3/2014,29
4/4/2014,30
4/5/2014,23
4/6/2014,29
4/7/2014,12
4/8/2014,28
4/9/2014,21
4/10/2014,21
4/11/2014,22
4/12/2014,21
4/13/2014,30
4/14/2014,18
4/15/2014,26
4/16/2014,22
4/17/2014,29
4/18/2014,26
4/19/2014,30
4/20/2014,27
4/21/2014,25
4/22/2014,31
4/23/2014,27
4/24/2014,31
4/25/2014,31
4/26/2014,20
4/27/2014,26
4/28/2014,22
4/29/2014,27
4/30/2014,25
5/1/2014,26
5/2/2014,32
5/3/2014,23
5/4/2014,31
5/5/2014,24
5/6/2014,32
5/7/2014,15
5/8/2014,25
5/9/2014,30
5/10/2014,29
5/11/2014,34
5/12/2014,21
5/13/2014,24
5/14/2014,27
5/15/2014,34
5/16/2014,33
5/17/2014,30
5/18/2014,26
5/19/2014,22
5/20/2014,24
5/21/2014,24
5/22/2014,29
5/23/2014,22
5/24/2014,26
5/25/2014,30
5/26/2014,20
5/27/2014,24
5/28/2014,18
5/29/2014,28
5/30/2014,26
5/31/2014,34
6/1/2014,49
6/2/2014,16
6/3/2014,32
6/4/2014,28
6/5/2014,19
6/6/2014,33
6/7/2014,27
6/8/2014,42
6/9/2014,19
6/10/2014,26
6/11/2014,33
6/12/2014,28
6/13/2014,34
6/14/2014,47
6/15/2014,45
6/16/2014,22
6/17/2014,41
6/18/2014,26
6/19/2014,29
6/20/2014,42
6/21/2014,35
6/22/2014,38
6/23/2014,14
6/24/2014,21
6/25/2014,36
6/26/2014,33
6/27/2014,31
6/28/2014,38
6/29/2014,42
6/30/2014,21
7/1/2014,22
7/2/2014,29
7/3/2014,28
7/4/2014,30
7/5/2014,48
7/6/2014,40
7/7/2014,20
7/8/2014,22
7/9/2014,31
7/10/2014,26
7/11/2014,29
7/12/2014,36
7/13/2014,30
7/14/2014,30
7/15/2014,29
7/16/2014,26
7/17/2014,35
7/18/2014,35
7/19/2014,46
7/20/2014,49
7/21/2014,25
7/22/2014,34
7/23/2014,26
7/24/2014,20
7/25/2014,27
7/26/2014,36
7/27/2014,28
7/28/2014,41
7/29/2014,24
7/30/2014,34
7/31/2014,30
8/1/2014,31
8/2/2014,37
8/3/2014,26
8/4/2014,17
8/5/2014,19
8/6/2014,31
8/7/2014,26
8/8/2014,34
8/9/2014,33
8/10/2014,31
8/11/2014,20
8/12/2014,19
8/13/2014,30
8/14/2014,15
8/15/2014,31
8/16/2014,29
8/17/2014,41
8/18/2014,13
8/19/2014,26
8/20/2014,29
8/21/2014,21
8/22/2014,30
8/23/2014,40
8/24/2014,30
8/25/2014,13
8/26/2014,32
8/27/2014,28
8/28/2014,32
8/29/2014,27
8/30/2014,20
8/31/2014,39
9/1/2014,18
9/2/2014,25
9/3/2014,19
9/4/2014,29
9/5/2014,31
9/6/2014,23
9/7/2014,30
9/8/2014,17
9/9/2014,33
9/10/2014,26
9/11/2014,30
9/12/2014,27
9/13/2014,21
9/14/2014,25
9/15/2014,22
9/16/2014,20
9/17/2014,29
9/18/2014,21
9/19/2014,27
9/20/2014,30
9/21/2014,29
9/22/2014,16
9/23/2014,27
9/24/2014,21
9/25/2014,27
9/26/2014,31
9/27/2014,20
9/28/2014,26
9/29/2014,20
9/30/2014,24
10/1/2014,15
10/2/2014,25
10/3/2014,23
10/4/2014,27
10/5/2014,17
10/6/2014,13
10/7/2014,25
10/8/2014,20
10/9/2014,23
10/10/2014,27
10/11/2014,24
10/12/2014,28
10/13/2014,23
10/14/2014,19
10/15/2014,28
10/16/2014,27
10/17/2014,18
10/18/2014,22
10/19/2014,36
10/20/2014,14
10/21/2014,16
10/22/2014,26
10/23/2014,23
10/24/2014,30
10/25/2014,32
10/26/2014,36
10/27/2014,19
10/28/2014,21
10/29/2014,20
10/30/2014,22
10/31/2014,31
11/1/2014,29
11/2/2014,21
11/3/2014,15
11/4/2014,21
11/5/2014,20
11/6/2014,22
11/7/2014,22
11/8/2014,28
11/9/2014,30
11/10/2014,20
11/11/2014,26
11/12/2014,19
11/13/2014,31
11/14/2014,27
11/15/2014,33
11/16/2014,33
11/17/2014,23
11/18/2014,24
11/19/2014,21
11/20/2014,29
11/21/2014,29
11/22/2014,28
11/23/2014,28
11/24/2014,23
11/25/2014,20
11/26/2014,24
11/27/2014,27
11/28/2014,26
11/29/2014,22
11/30/2014,36
12/1/2014,13
12/2/2014,23
12/3/2014,13
12/4/2014,24
12/5/2014,23
12/6/2014,16
12/7/2014,23
12/8/2014,15
12/9/2014,21
12/10/2014,18
12/11/2014,20
12/12/2014,21
12/13/2014,24
12/14/2014,28
12/15/2014,14
12/16/2014,16
12/17/2014,21
12/18/2014,19
12/19/2014,19
12/20/2014,18
12/21/2014,13
12/22/2014,13
12/23/2014,12
12/24/2014,15
12/25/2014,21
12/26/2014,20
12/27/2014,21
12/28/2014,23
12/29/2014,20
12/30/2014,14
12/31/2014,8
1/1/2015,21
1/2/2015,10
1/3/2015,19
1/4/2015,23
1/5/2015,8
1/6/2015,11
1/7/2015,16
1/8/2015,12
1/9/2015,19
1/10/2015,14
1/11/2015,33
1/12/2015,17
1/13/2015,8
1/14/2015,24
1/15/2015,19
1/16/2015,17
1/17/2015,12
1/18/2015,26
1/19/2015,14
1/20/2015,20
1/21/2015,20
1/22/2015,13
1/23/2015,17
1/24/2015,23
1/25/2015,19
1/26/2015,16
1/27/2015,9
1/28/2015,16
1/29/2015,16
1/30/2015,17
1/31/2015,12
2/1/2015,27
2/2/2015,12
2/3/2015,11
2/4/2015,22
2/5/2015,20
2/6/2015,17
2/7/2015,24
2/8/2015,19
2/9/2015,19
2/10/2015,13
2/11/2015,17
2/12/2015,22
2/13/2015,21
2/14/2015,26
2/15/2015,29
2/16/2015,13
2/17/2015,18
2/18/2015,13
2/19/2015,26
2/20/2015,21
2/21/2015,24
2/22/2015,16
2/23/2015,11
2/24/2015,15
2/25/2015,10
2/26/2015,18
2/27/2015,23
2/28/2015,26
3/1/2015,29
3/2/2015,9
3/3/2015,21
3/4/2015,19
3/5/2015,21
3/6/2015,27
3/7/2015,25
3/8/2015,26
3/9/2015,14
3/10/2015,20
3/11/2015,20
3/12/2015,18
3/13/2015,22
3/14/2015,31
3/15/2015,28
3/16/2015,15
3/17/2015,19
3/18/2015,16
3/19/2015,22
3/20/2015,21
3/21/2015,28
3/22/2015,30
3/23/2015,17
3/24/2015,15
3/25/2015,17
3/26/2015,15
3/27/2015,14
3/28/2015,32
3/29/2015,28
3/30/2015,15
3/31/2015,23
4/1/2015,21
4/2/2015,24
4/3/2015,31
4/4/2015,36
4/5/2015,34
4/6/2015,21
4/7/2015,18
4/8/2015,24
4/9/2015,19
4/10/2015,27
4/11/2015,32
4/12/2015,38
4/13/2015,19
4/14/2015,14
4/15/2015,23
4/16/2015,29
4/17/2015,24
4/18/2015,30
4/19/2015,43
4/20/2015,18
4/21/2015,25
4/22/2015,27
4/23/2015,21
4/24/2015,27
4/25/2015,34
4/26/2015,26
4/27/2015,17
4/28/2015,16
4/29/2015,25
4/30/2015,21
5/1/2015,29
5/2/2015,32
5/3/2015,37
5/4/2015,20
5/5/2015,31
5/6/2015,32
5/7/2015,34
5/8/2015,24
5/9/2015,30
5/10/2015,34
5/11/2015,32
5/12/2015,31
5/13/2015,20
5/14/2015,30
5/15/2015,25
5/16/2015,27
5/17/2015,30
5/18/2015,17
5/19/2015,27
5/20/2015,32
5/21/2015,32
5/22/2015,28
5/23/2015,22
5/24/2015,28
5/25/2015,20
5/26/2015,24
5/27/2015,24
5/28/2015,23
5/29/2015,31
5/30/2015,36
5/31/2015,33
6/1/2015,26
6/2/2015,27
6/3/2015,29
6/4/2015,35
6/5/2015,33
6/6/2015,38
6/7/2015,43
6/8/2015,16
6/9/2015,25
6/10/2015,22
6/11/2015,35
6/12/2015,23
6/13/2015,33
6/14/2015,35
6/15/2015,28
6/16/2015,26
6/17/2015,24
6/18/2015,28
6/19/2015,34
6/20/2015,39
6/21/2015,33
6/22/2015,10
6/23/2015,26
6/24/2015,31
6/25/2015,27
6/26/2015,30
6/27/2015,35
6/28/2015,32
6/29/2015,28
6/30/2015,20
7/1/2015,33
7/2/2015,36
7/3/2015,29
7/4/2015,42
7/5/2015,46
7/6/2015,29
7/7/2015,26
7/8/2015,25
7/9/2015,26
7/10/2015,33
7/11/2015,38
7/12/2015,29
7/13/2015,32
7/14/2015,26
7/15/2015,33
7/16/2015,35
7/17/2015,46
7/18/2015,34
7/19/2015,37
7/20/2015,27
7/21/2015,28
7/22/2015,35
7/23/2015,32
7/24/2015,17
7/25/2015,39
7/26/2015,39
7/27/2015,24
7/28/2015,29
7/29/2015,29
7/30/2015,38
7/31/2015,19
8/1/2015,32
8/2/2015,42
8/3/2015,22
8/4/2015,25
8/5/2015,22
8/6/2015,20
8/7/2015,27
8/8/2015,24
8/9/2015,33
8/10/2015,23
8/11/2015,24
8/12/2015,26
8/13/2015,23
8/14/2015,31
8/15/2015,27
8/16/2015,39
8/17/2015,25
8/18/2015,31
8/19/2015,21
8/20/2015,28
8/21/2015,29
8/22/2015,31
8/23/2015,35
8/24/2015,23
8/25/2015,22
8/26/2015,24
8/27/2015,24
8/28/2015,31
8/29/2015,23
8/30/2015,40
8/31/2015,14
9/1/2015,28
9/2/2015,32
9/3/2015,24
9/4/2015,18
9/5/2015,21
9/6/2015,18
9/7/2015,24
9/8/2015,24
9/9/2015,20
9/10/2015,26
9/11/2015,27
9/12/2015,21
9/13/2015,29
9/14/2015,23
9/15/2015,31
9/16/2015,21
9/17/2015,19
9/18/2015,18
9/19/2015,36
9/20/2015,36
9/21/2015,27
9/22/2015,17
9/23/2015,17
9/24/2015,27
9/25/2015,29
9/26/2015,37
9/27/2015,25
9/28/2015,22
9/29/2015,19
9/30/2015,29
10/1/2015,22
10/2/2015,19
10/3/2015,27
10/4/2015,35
10/5/2015,22
10/6/2015,24
10/7/2015,25
10/8/2015,29
10/9/2015,24
10/10/2015,30
10/11/2015,26
10/12/2015,18
10/13/2015,31
10/14/2015,19
10/15/2015,18
10/16/2015,23
10/17/2015,35
10/18/2015,21
10/19/2015,15
10/20/2015,16
10/21/2015,21
10/22/2015,24
10/23/2015,33
10/24/2015,29
10/25/2015,26
10/26/2015,16
10/27/2015,20
10/28/2015,23
10/29/2015,22
10/30/2015,23
10/31/2015,20
11/1/2015,35
11/2/2015,19
11/3/2015,21
11/4/2015,27
11/5/2015,27
11/6/2015,23
11/7/2015,26
11/8/2015,31
11/9/2015,22
11/10/2015,24
11/11/2015,24
11/12/2015,33
11/13/2015,32
11/14/2015,35
11/15/2015,46
11/16/2015,25
11/17/2015,33
11/18/2015,21
11/19/2015,23
11/20/2015,28
11/21/2015,20
11/22/2015,30
11/23/2015,27
11/24/2015,36
11/25/2015,24
11/26/2015,29
11/27/2015,35
11/28/2015,28
11/29/2015,23
11/30/2015,16
12/1/2015,17
12/2/2015,13
12/3/2015,17
12/4/2015,14
12/5/2015,17
12/6/2015,26
12/7/2015,15
12/8/2015,6
12/9/2015,11
12/10/2015,14
12/11/2015,23
12/12/2015,13
12/13/2015,22
12/14/2015,15
12/15/2015,18
12/16/2015,14
12/17/2015,17
12/18/2015,19
12/19/2015,22
12/20/2015,18
12/21/2015,15
12/22/2015,18
12/23/2015,15
12/24/2015,22
12/25/2015,19
12/26/2015,14
12/27/2015,23
12/28/2015,12
12/29/2015,20
12/30/2015,26
12/31/2015,15
1/1/2016,20
1/2/2016,22
1/3/2016,25
1/4/2016,23
1/5/2016,20
1/6/2016,18
1/7/2016,19
1/8/2016,28
1/9/2016,17
1/10/2016,23
1/11/2016,12
1/12/2016,8
1/13/2016,9
1/14/2016,27
1/15/2016,23
1/16/2016,21
1/17/2016,25
1/18/2016,12
1/19/2016,12
1/20/2016,14
1/21/2016,25
1/22/2016,21
1/23/2016,17
1/24/2016,22
1/25/2016,13
1/26/2016,27
1/27/2016,18
1/28/2016,18
1/29/2016,22
1/30/2016,13
1/31/2016,13
2/1/2016,24
2/2/2016,21
2/3/2016,17
2/4/2016,21
2/5/2016,28
2/6/2016,26
2/7/2016,35
2/8/2016,12
2/9/2016,21
2/10/2016,13
2/11/2016,20
2/12/2016,20
2/13/2016,22
2/14/2016,21
2/15/2016,14
2/16/2016,12
2/17/2016,18
2/18/2016,23
2/19/2016,20
2/20/2016,26
2/21/2016,24
2/22/2016,17
2/23/2016,19
2/24/2016,10
2/25/2016,19
2/26/2016,27
2/27/2016,16
2/28/2016,22
2/29/2016,12
3/1/2016,19
3/2/2016,16
3/3/2016,27
3/4/2016,23
3/5/2016,37
3/6/2016,27
3/7/2016,13
3/8/2016,19
3/9/2016,28
3/10/2016,30
3/11/2016,23
3/12/2016,22
3/13/2016,27
3/14/2016,17
3/15/2016,17
3/16/2016,20
3/17/2016,21
3/18/2016,23
3/19/2016,35
3/20/2016,23
3/21/2016,24
3/22/2016,18
3/23/2016,20
3/24/2016,23
3/25/2016,23
3/26/2016,34
3/27/2016,26
3/28/2016,26
3/29/2016,30
3/30/2016,31
3/31/2016,22
4/1/2016,27
4/2/2016,32
4/3/2016,48
4/4/2016,19
4/5/2016,24
4/6/2016,26
4/7/2016,30
4/8/2016,36
4/9/2016,33
4/10/2016,33
4/11/2016,23
4/12/2016,25
4/13/2016,30
4/14/2016,24
4/15/2016,30
4/16/2016,38
4/17/2016,35
4/18/2016,23
4/19/2016,24
4/20/2016,29
4/21/2016,32
4/22/2016,17
4/23/2016,27
4/24/2016,29
4/25/2016,28
4/26/2016,24
4/27/2016,19
4/28/2016,32
4/29/2016,31
4/30/2016,31
5/1/2016,31
5/2/2016,13
5/3/2016,25
5/4/2016,36
5/5/2016,29
5/6/2016,50
5/7/2016,26
5/8/2016,50
5/9/2016,24
5/10/2016,38
5/11/2016,24
5/12/2016,24
5/13/2016,20
5/14/2016,36
5/15/2016,46
5/16/2016,28
5/17/2016,28
5/18/2016,26
5/19/2016,32
5/20/2016,43
5/21/2016,28
5/22/2016,40
5/23/2016,28
5/24/2016,31
5/25/2016,31
5/26/2016,27
5/27/2016,41
5/28/2016,34
5/29/2016,39
5/30/2016,26
5/31/2016,19
6/1/2016,33
6/2/2016,29
6/3/2016,31
6/4/2016,28
6/5/2016,43
6/6/2016,22
6/7/2016,30
6/8/2016,28
6/9/2016,26
6/10/2016,25
6/11/2016,45
6/12/2016,38
6/13/2016,24
6/14/2016,18
6/15/2016,35
6/16/2016,27
6/17/2016,35
6/18/2016,44
6/19/2016,38
6/20/2016,21
6/21/2016,39
6/22/2016,19
6/23/2016,37
6/24/2016,31
6/25/2016,36
6/26/2016,38
6/27/2016,18
6/28/2016,39
6/29/2016,33
6/30/2016,30
7/1/2016,37
7/2/2016,43
7/3/2016,42
7/4/2016,27
7/5/2016,31
7/6/2016,40
7/7/2016,34
7/8/2016,34
7/9/2016,33
7/10/2016,52
7/11/2016,36
7/12/2016,24
7/13/2016,36
7/14/2016,29
7/15/2016,34
7/16/2016,39
7/17/2016,42
7/18/2016,22
7/19/2016,29
7/20/2016,41
7/21/2016,30
7/22/2016,42
7/23/2016,38
7/24/2016,53
7/25/2016,27
7/26/2016,35
7/27/2016,38
7/28/2016,36
7/29/2016,44
7/30/2016,40
7/31/2016,48
8/1/2016,32
8/2/2016,19
8/3/2016,21
8/4/2016,30
8/5/2016,34
8/6/2016,40
8/7/2016,36
8/8/2016,18
8/9/2016,22
8/10/2016,20
8/11/2016,34
8/12/2016,32
8/13/2016,39
8/14/2016,39
8/15/2016,25
8/16/2016,30
8/17/2016,28
8/18/2016,24
8/19/2016,25
8/20/2016,23
8/21/2016,32
8/22/2016,22
8/23/2016,27
8/24/2016,25
8/25/2016,32
8/26/2016,35
8/27/2016,34
8/28/2016,25
8/29/2016,29
8/30/2016,26
8/31/2016,34
9/1/2016,35
9/2/2016,29
9/3/2016,24
9/4/2016,30
9/5/2016,17
9/6/2016,27
9/7/2016,27
9/8/2016,36
9/9/2016,23
9/10/2016,39
9/11/2016,33
9/12/2016,20
9/13/2016,23
9/14/2016,29
9/15/2016,21
9/16/2016,32
9/17/2016,34
9/18/2016,30
9/19/2016,18
9/20/2016,29
9/21/2016,29
9/22/2016,20
9/23/2016,37
9/24/2016,34
9/25/2016,28
9/26/2016,28
9/27/2016,35
9/28/2016,28
9/29/2016,27
9/30/2016,27
10/1/2016,24
10/2/2016,32
10/3/2016,17
10/4/2016,27
10/5/2016,29
10/6/2016,33
10/7/2016,36
10/8/2016,28
10/9/2016,30
10/10/2016,16
10/11/2016,24
10/12/2016,28
10/13/2016,33
10/14/2016,34
10/15/2016,36
10/16/2016,37
10/17/2016,27
10/18/2016,23
10/19/2016,26
10/20/2016,27
10/21/2016,25
10/22/2016,32
10/23/2016,27
10/24/2016,21
10/25/2016,21
10/26/2016,24
10/27/2016,25
10/28/2016,20
10/29/2016,33
10/30/2016,29
10/31/2016,25
11/1/2016,27
11/2/2016,27
11/3/2016,13
11/4/2016,21
11/5/2016,42
11/6/2016,41
11/7/2016,21
11/8/2016,31
11/9/2016,23
11/10/2016,37
11/11/2016,33
11/12/2016,27
11/13/2016,34
11/14/2016,16
11/15/2016,24
11/16/2016,25
11/17/2016,27
11/18/2016,28
11/19/2016,41
11/20/2016,31
11/21/2016,24
11/22/2016,30
11/23/2016,25
11/24/2016,35
11/25/2016,30
11/26/2016,32
11/27/2016,30
11/28/2016,14
11/29/2016,28
11/30/2016,37
12/1/2016,26
12/2/2016,21
12/3/2016,30
12/4/2016,23
12/5/2016,17
12/6/2016,21
12/7/2016,23
12/8/2016,19
12/9/2016,30
12/10/2016,23
12/11/2016,31
12/12/2016,10
12/13/2016,15
12/14/2016,18
12/15/2016,17
12/16/2016,21
12/17/2016,17
12/18/2016,24
12/19/2016,18
12/20/2016,20
12/21/2016,14
12/22/2016,26
12/23/2016,21
12/24/2016,17
12/25/2016,30
12/26/2016,21
12/27/2016,17
12/28/2016,14
12/29/2016,25
12/30/2016,25
12/31/2016,28
1/1/2017,25
1/2/2017,11
1/3/2017,16
1/4/2017,17
1/5/2017,28
1/6/2017,17
1/7/2017,17
1/8/2017,20
1/9/2017,16
1/10/2017,21
1/11/2017,8
1/12/2017,15
1/13/2017,27
1/14/2017,33
1/15/2017,21
1/16/2017,14
1/17/2017,18
1/18/2017,21
1/19/2017,17
1/20/2017,19
1/21/2017,15
1/22/2017,16
1/23/2017,13
1/24/2017,12
1/25/2017,13
1/26/2017,7
1/27/2017,22
1/28/2017,17
1/29/2017,25
1/30/2017,13
1/31/2017,17
2/1/2017,16
2/2/2017,9
2/3/2017,22
2/4/2017,26
2/5/2017,26
2/6/2017,14
2/7/2017,20
2/8/2017,20
2/9/2017,16
2/10/2017,24
2/11/2017,23
2/12/2017,29
2/13/2017,23
2/14/2017,17
2/15/2017,26
2/16/2017,19
2/17/2017,17
2/18/2017,17
2/19/2017,29
2/20/2017,16
2/21/2017,30
2/22/2017,14
2/23/2017,24
2/24/2017,31
2/25/2017,22
2/26/2017,20
2/27/2017,16
2/28/2017,27
3/1/2017,21
3/2/2017,23
3/3/2017,25
3/4/2017,33
3/5/2017,37
3/6/2017,27
3/7/2017,20
3/8/2017,27
3/9/2017,19
3/10/2017,24
3/11/2017,34
3/12/2017,36
3/13/2017,21
3/14/2017,19
3/15/2017,19
3/16/2017,27
3/17/2017,30
3/18/2017,31
3/19/2017,23
3/20/2017,19
3/21/2017,30
3/22/2017,28
3/23/2017,26
3/24/2017,20
3/25/2017,24
3/26/2017,29
3/27/2017,11
3/28/2017,26
3/29/2017,20
3/30/2017,24
3/31/2017,31
4/1/2017,27
4/2/2017,34
4/3/2017,17
4/4/2017,28
4/5/2017,30
4/6/2017,26
4/7/2017,32
4/8/2017,41
4/9/2017,26
4/10/2017,23
4/11/2017,35
4/12/2017,28
4/13/2017,31
4/14/2017,30
4/15/2017,30
4/16/2017,36
4/17/2017,22
4/18/2017,27
4/19/2017,24
4/20/2017,31
4/21/2017,31
4/22/2017,36
4/23/2017,24
4/24/2017,20
4/25/2017,36
4/26/2017,30
4/27/2017,36
4/28/2017,29
4/29/2017,32
4/30/2017,26
5/1/2017,22
5/2/2017,35
5/3/2017,28
5/4/2017,34
5/5/2017,27
5/6/2017,33
5/7/2017,43
5/8/2017,22
5/9/2017,36
5/10/2017,30
5/11/2017,41
5/12/2017,38
5/13/2017,29
5/14/2017,44
5/15/2017,28
5/16/2017,31
5/17/2017,32
5/18/2017,33
5/19/2017,38
5/20/2017,32
5/21/2017,36
5/22/2017,28
5/23/2017,24
5/24/2017,35
5/25/2017,29
5/26/2017,34
5/27/2017,54
5/28/2017,41
5/29/2017,29
5/30/2017,27
5/31/2017,22
6/1/2017,31
6/2/2017,33
6/3/2017,33
6/4/2017,39
6/5/2017,25
6/6/2017,31
6/7/2017,34
6/8/2017,37
6/9/2017,32
6/10/2017,38
6/11/2017,39
6/12/2017,25
6/13/2017,24
6/14/2017,29
6/15/2017,36
6/16/2017,30
6/17/2017,33
6/18/2017,30
6/19/2017,25
6/20/2017,28
6/21/2017,30
6/22/2017,33
6/23/2017,32
6/24/2017,38
6/25/2017,52
6/26/2017,33
6/27/2017,21
6/28/2017,28
6/29/2017,40
6/30/2017,34
7/1/2017,38
7/2/2017,40
7/3/2017,34
7/4/2017,36
7/5/2017,40
7/6/2017,24
7/7/2017,40
7/8/2017,39
7/9/2017,42
7/10/2017,27
7/11/2017,43
7/12/2017,32
7/13/2017,21
7/14/2017,32
7/15/2017,49
7/16/2017,48
7/17/2017,21
7/18/2017,34
7/19/2017,31
7/20/2017,26
7/21/2017,38
7/22/2017,44
7/23/2017,39
7/24/2017,26
7/25/2017,48
7/26/2017,27
7/27/2017,40
7/28/2017,29
7/29/2017,43
7/30/2017,42
7/31/2017,38
8/1/2017,32
8/2/2017,25
8/3/2017,38
8/4/2017,36
8/5/2017,33
8/6/2017,30
8/7/2017,26
8/8/2017,26
8/9/2017,29
8/10/2017,24
8/11/2017,21
8/12/2017,33
8/13/2017,30
8/14/2017,18
8/15/2017,19
8/16/2017,30
8/17/2017,37
8/18/2017,45
8/19/2017,36
8/20/2017,44
8/21/2017,32
8/22/2017,33
8/23/2017,25
8/24/2017,32
8/25/2017,33
8/26/2017,39
8/27/2017,33
8/28/2017,19
8/29/2017,28
8/30/2017,28
8/31/2017,31
9/1/2017,36
9/2/2017,31
9/3/2017,47
9/4/2017,19
9/5/2017,28
9/6/2017,24
9/7/2017,25
9/8/2017,33
9/9/2017,31
9/10/2017,32
9/11/2017,26
9/12/2017,26
9/13/2017,32
9/14/2017,35
9/15/2017,23
9/16/2017,35
9/17/2017,39
9/18/2017,22
9/19/2017,30
9/20/2017,35
9/21/2017,24
9/22/2017,31
9/23/2017,31
9/24/2017,28
9/25/2017,23
9/26/2017,26
9/27/2017,20
9/28/2017,19
9/29/2017,22
9/30/2017,32
10/1/2017,34
10/2/2017,17
10/3/2017,28
10/4/2017,25
10/5/2017,36
10/6/2017,30
10/7/2017,41
10/8/2017,31
10/9/2017,21
10/10/2017,31
10/11/2017,27
10/12/2017,30
10/13/2017,26
10/14/2017,33
10/15/2017,32
10/16/2017,22
10/17/2017,27
10/18/2017,22
10/19/2017,27
10/20/2017,34
10/21/2017,29
10/22/2017,31
10/23/2017,22
10/24/2017,27
10/25/2017,26
10/26/2017,18
10/27/2017,32
10/28/2017,35
10/29/2017,28
10/30/2017,18
10/31/2017,21
11/1/2017,28
11/2/2017,30
11/3/2017,24
11/4/2017,34
11/5/2017,37
11/6/2017,25
11/7/2017,29
11/8/2017,17
11/9/2017,25
11/10/2017,33
11/11/2017,34
11/12/2017,32
11/13/2017,24
11/14/2017,33
11/15/2017,30
11/16/2017,31
11/17/2017,27
11/18/2017,32
11/19/2017,33
11/20/2017,23
11/21/2017,27
11/22/2017,27
11/23/2017,22
11/24/2017,31
11/25/2017,27
11/26/2017,35
11/27/2017,23
11/28/2017,23
11/29/2017,28
11/30/2017,36
12/1/2017,22
12/2/2017,19
12/3/2017,27
12/4/2017,16
12/5/2017,23
12/6/2017,17
12/7/2017,17
12/8/2017,15
12/9/2017,22
12/10/2017,20
12/11/2017,13
12/12/2017,26
12/13/2017,19
12/14/2017,16
12/15/2017,25
12/16/2017,22
12/17/2017,23
12/18/2017,20
12/19/2017,18
12/20/2017,23
12/21/2017,12
12/22/2017,24
12/23/2017,19
12/24/2017,32
12/25/2017,10
12/26/2017,16
12/27/2017,19
12/28/2017,12
12/29/2017,23
12/30/2017,26
12/31/2017,27
